2100 3364
948 276 1227 316 —74-

299 404 429 445 ceteri
461 402 557 443 libri
580 401 765 442 formam
795 398 1245 456 volgarem⁹interdiu’
1272 399 1496 456 praebent.
1529 400 1709 442 Plautus
1733 402 1875 442 sexies

299 477 483 518 formam
515 475 703 530 priscam
734 474 867 516 habet
897 475 952 516 cf.
983 475 1092 517 Brix
1125 473 1250 531 Capt.
1284 474 1379 529 727,
1412 475 1583 516 Lorenz
1615 474 1745 516 Most.
1777 474 1873 528 429,

301 549 374 591 sed
396 550 537 590 minus
560 549 746 604 placent,
781 564 891 604 quae
912 549 956 590 hi
984 548 1262 592 Corssenium
1285 549 1422 591 secuti
1446 549 1498 591 de
1519 548 1686 590 formae
1709 549 1874 603 origine

301 624 542 678 disputant:
582 638 721 679 neque
763 624 876 665 enim
905 624 1065 666 veteris
1098 624 1340 666 accusativi
1378 622 1489 678 plur.
1520 622 1707 676 vestigia
1747 623 1793 665 in
1824 637 1876 664 ea

300 699 441 739 inesse
480 697 695 752 videntur,
743 697 820 740 sed
851 698 1052 752 genetivi,
1099 698 1152 740 de
1198 712 1281 753 quo
1331 697 1466 739 adeas
1495 696 1752 739 Buecheler.
1797 696 1872 739 lat.

303 771 412 814 decl.
444 786 486 826 p.
520 770 587 813 63.

440 845 503 886 12.
534 845 716 887 Plenum
748 845 1003 888 adverbium
1033 846 1077 888 111
1099 860 1206 887 voce
1227 845 1429 887 tradendi
1460 844 1730 901 Donatusw)
1771 845 1877 900 legit

301 920 357 963 ad
387 920 562 963 Phorm.
597 919 705 976 prol.
737 920 784 960 2:
823 917 1060 962 ''retrahere
1092 936 1117 962 a
1151 920 1293 961 studio
1332 926 1373 961 et
1403 920 1628 962 transdere
1659 920 1875 962 hominem

297 996 340 1036 in
373 993 515 1037 otium⁷
551 994 789 1037 adnotans:
816 993 1115 1042 ⁹„transdere“
1148 1001 1318 1037 veteres
1351 995 1592 1047 sonantius,
1635 995 1752 1049 quod
1791 1009 1873 1036 nos

298 1069 435 1111 lenius
469 1069 652 1111 dicimus
688 1067 941 1120 ‚‚tradere“'.
973 1069 1108 1110 Porro
1127 1066 1330 1110 ‘mavolo'
1356 1069 1399 1109 in
1430 1068 1515 1110 fine
1536 1083 1689 1109 versus
1720 1068 1876 1122 legitur

298 1143 406 1185 Hec.
439 1142 543 1184 540:
571 1141 786 1198 '‘quamvis
819 1158 998 1185 causam
1029 1143 1142 1184 hunc
1177 1144 1388 1198 suspicari
1412 1157 1541 1198 quam
1562 1144 1706 1197 ipsam
1727 1156 1875 1183 veram

299 1215 498 1271 mavolo',
552 1233 680 1272 quam
731 1217 917 1259 formam
969 1218 1207 1273 pleniorem
1253 1217 1380 1259 valde
1422 1217 1644 1259 adamavit
1694 1216 1874 1258 Plautus

303 1293 374 1343 (cf.
406 1293 527 1334 Neue
558 1292 629 1333 112
662 1290 744 1333 606
777 1290 875 1348 sq.).

437 1367 502 1408 13.
526 1364 855 1409 Formam‘hau'
877 1366 1084 1409 exhibent
1100 1366 1338 1409 Bembinus
1357 1367 1464 1407 Hec.
1485 1364 1565 1406 591
1586 1362 1872 1418 (HAUTUA)

298 1450 339 1484 et
370 1442 403 1483 P
435 1442 570 1483 Andr.
603 1440 687 1482 460
719 1439 827 1483 ‘hau
865 1439 1025 1495 ferme',
1074 1456 1159 1496 qua
1198 1456 1296 1483 cum
1336 1441 1523 1483 lectione
1565 1440 1876 1482 conferendum

297 1524 361 1558 est
394 1517 509 1572 quod
542 1517 683 1558 codex
726 1515 760 1558 C
785 1514 927 1558 ‘aufer
965 1514 1042 1558 me’
1086 1515 1231 1558 habet.
1280 1516 1408 1558 Unde
1449 1529 1553 1556 sane
1592 1513 1877 1569 probabiliter

298 1592 490 1633 conicias
521 1591 565 1632 in
598 1591 749 1633 codice
790 1606 845 1632 ex
877 1606 960 1646 quo
993 1590 1036 1632 hi
1066 1591 1299 1644 fluxerunt,
1334 1587 1448 1632 *hau'
1482 1589 1619 1631 fuisse
1653 1590 1875 1644 scriptum.

301 1664 367 1708 Cf.
392 1665 444 1706 de
465 1665 608 1707 forma
630 1665 836 1707 Ritschel.
855 1665 979 1720 proll.
1000 1681 1040 1720 p.
1066 1664 1100 1706 C
1124 1681 1230 1721 sqq„
1268 1680 1366 1720 opp.
1389 1664 1434 1706 II
1455 1662 1534 1704 591
1561 1663 1675 1717 adn.,
1703 1664 1875 1704 Lorenz

297 1739 426 1781 Most.
462 1737 556 1781 770.

433 2088 557 2129 Haec
588 2087 721 2129 habui
752 2088 938 2131 dicenda
978 2088 1030 2129 de
1069 2088 1217 2129 formis
1251 2086 1367 2144 apud
1398 2087 1647 2129 Terentium
1677 2092 1874 2128 vetustis.

296 2161 423 2203 Nunc
456 2169 599 2203 autem
631 2161 820 2204 breviter
841 2162 1074 2218 complecti
1096 2162 1238 2215 liceat,
1272 2162 1426 2219 quibus
1450 2162 1724 2217 potissimum
1744 2159 1875 2202 rebus

301 2250 440 2277 sermo
459 2236 632 2277 Terenti
665 2251 691 2278 a
722 2236 864 2278 Plauti
898 2252 1107 2290 sermone,
1143 2238 1177 2277 si
1197 2236 1363 2278 formas
1384 2242 1580 2278 vetustas
1613 2235 1668 2278 ab
1692 2242 1874 2291 utroque

298 2317 430 2365 poeta
462 2309 680 2352 adhibitas
713 2312 985 2366 respicimus,
1019 2311 1202 2353 differat.

437 2437 476 2474 ⁴²)
502 2436 714 2477 Exquisitae
747 2437 972 2478 antiquitatis
999 2437 1180 2478 specimen
1206 2436 1301 2467 idem
1325 2436 1488 2468 Donatus
1515 2440 1657 2467 nostrae
1682 2435 1875 2467 memoriae

297 2493 443 2525 tradidit
469 2493 513 2525 ad
538 2493 681 2525 Phorm.
707 2494 773 2525 330
798 2504 869 2536 sq.:

475 2547 550 2592 ‘qui
575 2551 691 2582 istuc?
719 2550 811 2589 Quia
836 2561 907 2582 non
933 2548 1006 2582 rete
1032 2551 1197 2592 accipitri
1222 2548 1381 2582 te'nditur
1406 2561 1522 2592 neque
1550 2549 1672 2591 miluo,

482 2605 543 2649 qui
568 2607 662 2639 male
688 2608 826 2639 faciunt
851 2606 974 2639 nobis:
1000 2606 1073 2639 illis
1100 2606 1161 2649 qui
1186 2607 1236 2638 nil
1261 2607 1397 2639 faciunt
1422 2605 1593 2639 ‘tenditur'

297 2665 487 2697 adnotans:
511 2660 656 2706 ‘legitur
681 2669 716 2696 et
742 2666 953 2703 „tennitur.“
980 2665 1089 2697 habet
1104 2665 1199 2696 enim
1217 2665 1249 2696 N
1266 2664 1386 2696 littera
1411 2676 1492 2697 cum
1514 2665 1546 2696 D
1566 2658 1873 2696 communionem'.

297 2722 411 2762 Quam
436 2722 586 2754 formam
611 2721 707 2753 haud
731 2725 864 2753 temere
891 2721 1117 2754 abicIendam
1143 2726 1228 2764 puto
1254 2725 1292 2754 ut
1310 2732 1422 2763 prava
1444 2722 1568 2764 populi
1584 2722 1873 2764 pronuntiatione

295 2779 541 2820 (Schuchardt,
566 2779 759 2811 Vocalism.
785 2779 847 2811 des
871 2779 1070 2822 Vulgarlat.
1096 2779 1113 2810 I
1140 2780 1217 2821 146)
1242 2784 1373 2812 natam.
1399 2779 1511 2811 Immo
1537 2783 1676 2811 veteres
1703 2779 1753 2810 sic
1779 2778 1874 2810 dice-

297 2836 392 2875 bant,
419 2835 454 2867 id
480 2836 574 2878 quod
615 2837 721 2868 etiam
756 2847 776 2868 a
801 2836 916 2868 Nonio
955 2836 1001 2878 (p.
1029 2838 1049 2868 6
1075 2847 1095 2868 a
1121 2836 1176 2868 ed.
1202 2837 1297 2878 Bas.)
1337 2836 1576 2877 confirmatur,
1618 2836 1712 2867 unde
1755 2835 1873 2868 Plaut.

296 2892 371 2924 Mil.
422 2893 508 2924 1407
547 2903 641 2924 nunc
682 2892 831 2935 legitur:
878 2888 953 2924 ‘ubi
986 2892 1096 2925 lubet.
1138 2892 1338 2935 dispennite
1387 2893 1567 2924 hominem
1610 2891 1790 2924 divorsum
1840 2895 1875 2923 et

296 2944 508 2982 distennite'.
