2100 3364
1072 300 1352 341 ..18-

431 428 616 482 vestigia
639 441 817 481 prorsus
842 426 984 468 deleta
1018 440 1112 467 esse
1144 427 1235 466 veri
1269 425 1418 478 simile,
1452 440 1549 467 cum
1571 425 1755 467 eundem
1775 426 2011 468 identidem

432 509 549 544 recte
582 502 851 542 servaverint
891 502 936 542 in
965 499 1176 541 Plautinis
1217 499 1351 553 libris,
1392 506 1620 555 utrumque
1652 499 1837 555 denique
1866 500 2012 543 locum

433 576 488 617 ab
521 575 704 617 Erasmo
737 580 996 629 temptatum
1026 575 1088 615 ita
1119 589 1215 616 esse
1247 580 1560 630 comparatum,
1593 580 1639 615 ut
1671 573 1780 616 alter
1810 576 2010 628 graviore

432 649 679 705 corruptela
702 656 852 705 aperte
886 652 941 691 sit
962 650 1156 703 affectus,
1191 649 1276 691 lcni
1299 656 1442 691 autem
1472 651 1813 705 transpositione
1836 656 2012 691 sanetur

430 724 555 778 alter,
590 724 790 779 equidem
822 724 1072 765 Terentium
1113 722 1273 778 ubique
1304 725 1550 765 vocativum
1585 720 1717 779 ‘puer'
1761 723 2010 765 adhibuisse

428 813 685 854 persuasum
718 797 874 839 habeo.

565 883 603 924 2.
638 883 828 926 Genitivi
860 883 968 939 plur.
1000 884 1045 924 in
1076 898 1164 924 -um
1217 888 1393 924 exstant
1433 883 1551 938 apud
1580 883 1829 925 Terentium
1874 883 2008 924 Haut.

431 958 541 1012 prol.
564 957 641 1000 24:
659 957 865 1000 ‘amicum
887 955 1087 1012 ingenio',
1122 957 1178 998 ib.
1202 956 1310 1012 prol.
1341 956 1417 998 27:
1444 955 1515 998 ‘ne
1538 957 1635 1012 plus
1657 959 1850 1013 iniquom
1871 959 2011 1013 possit

431 1047 561 1088 quam
605 1047 790 1087 aequom
839 1029 1006 1085 oratio'‚
1057 1031 1165 1072 Hee.
1209 1031 1318 1086 prol.
1350 1030 1427 1071 22:
1466 1028 1642 1072 “iniuria
1688 1029 2010 1085 adversarium’,

433 1107 605 1149 Phorm.
647 1105 753 1147 393:
799 1104 855 1147 ‘si
894 1106 1106 1147 talentum
1145 1120 1236 1146 rem
1273 1105 1519 1160 reliquisset
1559 1103 1737 1158 decem',
1787 1104 1871 1147 Ad.
1904 1104 2008 1146 411:

428 1179 661 1223 ‘maiorum
695 1178 843 1233 suom'‚
876 1180 933 1222 ib.
968 1179 1070 1221 793:
1097 1177 1364 1235 “corruptela
1395 1185 1591 1221 nostrum
1623 1177 1830 1233 liberum'‚
1873 1179 2010 1221 Andr.

431 1255 528 1309 237,
561 1256 673 1298 Eun.
707 1254 810 1296 943:
845 1253 941 1310 ‘pro
976 1254 1104 1296 deum
1134 1250 1290 1306 fidem',
1323 1252 1458 1294 Andr.
1492 1252 1588 1306 246,
1622 1252 1758 1294 Haut.
1802 1253 1868 1307 61,
1901 1253 2010 1295 Hec.

431 1328 532 1372 198:
560 1327 657 1386 ‘pro
692 1329 821 1371 deum
843 1336 973 1384 atque
994 1328 1220 1371 hominum
1241 1325 1397 1380 fidem’,
1430 1327 1604 1369 Phorm.
1628 1326 1732 1367 351:
1760 1325 1855 1382 'pro
1881 1327 2010 1370 deum

427 1402 759 1458 immortalium',
792 1403 876 1446 Ad.
911 1403 1014 1444 746:
1042 1401 1138 1458 “pro
1173 1401 1320 1443 divom
1350 1399 1512 1443 fidem'.

560 1496 695 1538 Vides
727 1495 849 1537 locos
882 1495 1038 1550 quibus
1065 1491 1221 1535 “deum’
1256 1493 1425 1547 legitur,
1480 1509 1628 1535 omnes
1668 1494 1729 1535 ita
1766 1509 1861 1535 esse
1893 1508 2007 1536 com-

434 1575 625 1624 paratos,
658 1576 704 1610 ut
728 1569 988 1611 obsecrandi
1020 1568 1231 1610 formulae
1259 1569 1320 1609 eis
1343 1569 1668 1621 contineantur3
1702 1568 1842 1609 forma
1864 1574 2010 1610 autem

425 1641 633 1685 ‘deorum'
666 1643 825 1698 legitur
856 1643 990 1684 Haut.
1015 1642 1122 1683 693:
1149 1640 1347 1684 ‘deorum
1368 1644 1505 1683 vitam
1527 1644 1619 1697 apti
1651 1657 1811 1684 sumus.
1829 1643 2010 1684 Frustra

427 1719 605 1773 operam
638 1717 791 1773 opinor
833 1713 964 1758 sumo'
1007 1731 1147 1772 neque
1193 1715 1382 1757 dubitari
1429 1721 1585 1770 potest,
1620 1716 1724 1771 quin
1755 1715 1892 1758 Andr.
1926 1714 2009 1755 959

426 1792 579 1834 eodem
610 1791 739 1832 modo
772 1796 902 1845 poeta
935 1790 1113 1831 dixerit:
1155 1787 1253 1844 Γ(Ξὲςο
1303 1788 1521 1831 deorum
1567 1790 1737 1831 vitam
1780 1796 2010 1845 eapropter

427 1867 735 1921 sempiternam
766 1880 860 1906 esse
904 1861 1116 1906 arbitror'.
1178 1864 1331 1919 Itaque
1373 1878 1602 1919 perperam
1642 1870 1793 1905 contra
1832 1864 2010 1906 codices

428 1941 604 1995 scripsit
635 1938 1012 1994 Umpfenbachius
1048 1935 1221 1991 ⁹deum’7
1260 1943 1307 1979 ut
1355 1945 1547 1980 servaret
1572 1935 1846 1993 ⁰propterea'‚
1894 1939 2010 1994 quod

426 2015 623 2070 quamvis
669 2014 767 2056 libri
814 2013 1067 2069 praebeant,
1113 2013 1271 2055 falsum
1317 2028 1413 2055 esse
1451 2029 1474 2055 e
1506 2013 1629 2055 Servi
1662 2013 1719 2054 ad
1749 2013 1880 2068 Verg.
1913 2013 2007 2055 Ecl.

426 2088 513 2130 VII
544 2088 595 2129 31
630 2089 880 2130 testimonio
913 2087 1067 2129 elucet.

567 2163 767 2217 Denique
790 2162 924 2203 Haut.
950 2161 1033 2202 606
1055 2162 1232 2216 legitur:
1259 2159 1393 2203 ‘mille
1415 2177 1636 2204 nummum
1654 2159 1821 2216 poscit',
1855 2167 2008 2204 contra

428 2252 505 2293 pro
531 2237 758 2278 usitatiore
783 2233 1033 2277 ⁰nummum’
1073 2236 1144 2287 (cf.
1170 2235 1259 2277 Cic.
1285 2242 1392 2278 orat.
1416 2235 1483 2290 46,
1519 2236 1620 2278 156:
1645 2234 1898 2290 ⁹nummum,
1921 2252 2009 2279 non

425 2325 699 2352 nummorum
722 2308 799 2361 ¹⁴):
833 2310 950 2364 quod
991 2311 1035 2351 in
1065 2310 1131 2352 his
1164 2310 1431 2353 consuetudo
1463 2312 1586 2352 varia
1617 2325 1705 2352 non
1737 2307 1830 2363 est')
1865 2317 2009 2353 exstat

425 2385 597 2427 Phorm.
631 2383 707 2425 38:
1408 2374 1411 2375 ⁷

624 2456 635 2471 ⁶
646 2489 962 2500 ........
990 2459 1114 2510 (erat)
1150 2459 1358 2501 relicuom
1389 2460 1679 2515 pauxillulum

58 2592 64 2601 ,
83 2558 162 2598 [mic
180 2559 259 2594 ..sk
287 2541 431 2590 :idda-vl<
631 2532 935 2581 Nummorum:
968 2532 1013 2573 id
1034 2538 1080 2573 ut
1102 2532 1365 2575 conficerem
1384 2567 1392 2576 .
1412 2534 1599 2576 confeci:
1624 2532 1800 2576 adfero’.

428 2606 569 2658 Quam
592 2606 646 2647 ob
663 2621 754 2647 rem
776 2607 988 2648 immerito
1011 2606 1285 2661 Ritschelius,
1310 2623 1436 2664 quem
1456 2609 1634 2651 Brixius
1658 2615 1830 2650 secutus
1853 2615 1930 2663 est,
1961 2610 2007 2652 in

425 2680 543 2722 Trin.
578 2679 659 2720 152
690 2680 921 2722 lectionem
969 2680 1167 2723 omnibus
1207 2682 1431 2724 codicibus
1464 2684 1668 2726 traditam
1716 2690 1758 2725 et
1804 2684 2006 2740 exemplo

425 2755 686 2797 Terentiano
720 2755 1040 2797 confirmatam:
1076 2753 1220 2798 ‘nemo
1252 2758 1330 2799 est.
1352 2773 1624 2800 nummorum
1645 2757 1918 2813 Philippeum
1948 2759 2006 2800 ad

566 2914 603 2955 ¹⁴)
630 2915 853 2956 Quamquam
878 2915 979 2948 Neue
1004 2915 1046 2947 1²
1074 2916 1138 2948 106
1164 2917 1355 2949 nonnullos
1383 2927 1401 2948 e
1426 2917 1586 2949 Vcrrinis
1612 2916 1710 2949 locos
1737 2917 1867 2959 quibus
1891 2913 2004 2950 ‘num-

426 2964 569 3002 morum’
602 2971 733 3013 legitur
758 2972 869 3004 affert.
