2100 3364
908 267 959 308 τε)
1020 293 1072 296 -

149 393 240 449 [pro
270 391 581 448 ‘demereris⁷]),
625 391 704 433 159
729 390 882 445 ‘intui',
932 391 1013 433 207
1054 390 1224 444 Γ11111615,
1272 399 1400 447 atque
1432 393 1616 434 Titinius
1666 391 1715 431 17

140 466 422 523 “perbiteres’‚
465 468 519 509 33
544 464 706 518 ‘fuam’‚
746 466 799 505 59
826 464 968 518 ⁹ibus',
1002 467 1056 507 65
1081 464 1199 518 ‘ted',
1250 466 1301 507 78
1347 467 1420 507 inf.
1453 463 1620 517 ⁶bibe1·'‚
1664 464 1716 505 97

140 541 371 593 ‘faciatur',
396 537 682 592 105‘nevult'‚
708 541 844 580 simm.
870 540 1159 594 suppeditant.
1185 539 1300 590 Quid
1321 540 1437 594 quod
1458 541 1501 580 in
1521 539 1715 587 Afranio,

149 619 220 672 qui
252 624 351 672 post
382 617 631 658 Terentium
677 614 863 669 scripsit,
911 614 1016 655 talia
1061 614 1300 668 reperimus
1339 613 1483 668 qualia
1532 620 1629 654 sunt
1660 612 1717 654 50

140 687 374 746 ‘partisset'
412 687 511 743 (319
551 688 627 729 inf.
653 685 858 740 ⁹01*dire⁷),
902 687 953 727 77
987 702 1081 742 gen.
1109 684 1250 742 Γ(11116,
1292 687 1346 727 83
1380 685 1713 732 ‘fortunassint',

147 764 246 804 ‹264
271 760 592 813 ‘maetassint’)‚
628 762 708 802 193
733 759 909 817 ‘puere',
943 760 1023 801 201
1043 760 1129 803 Γ1116
1152 759 1434 813 adiutamini’,
1467 761 1549 801 227
1575 760 1714 802 ‘scici-

144 835 292 887 distis'‚
326 835 409 877 230
441 852 535 891 gen.
577 834 704 891 ‘ipsi',
748 835 831 876 246
871 833 1016 890 ‘frigit'
1071 835 1170 888 (269
1212 833 1400 890 ‘fei-vit'),
1447 835 1532 876 280
1572 833 1714 884 ‘filas',

144 910 226 951 325
256 926 352 965 gen.
377 909 476 953 ‘toti
507 908 741 952 familiae'?

278 1019 433 1062 Nonne
463 1021 572 1061 haec
604 1019 804 1074 exempla
836 1034 861 1060 a
893 1021 1186 1073 grammaticis
1208 1019 1334 1060 nobis
1357 1019 1518 1060 tradita
1544 1020 1714 1073 egregie

142 1093 438 1135 demonstrant
483 1109 562 1135 nos
610 1095 699 1135 iure
731 1094 980 1135 Terentium
1018 1095 1060 1134 in
1110 1108 1306 1134 sermone
1349 1093 1537 1149 quodam
1583 1094 1712 1135 modo

140 1183 353 1210 novarum
383 1183 526 1210 rerum
556 1168 690 1209 fuisse
714 1168 955 1209 studiosum
990 1183 1120 1222 supra
1152 1183 1246 1210 esse
1279 1169 1544 1223 suspicatos:
1572 1167 1714 1209 stude-

141 1242 217 1284 bat
249 1243 360 1284 enim
411 1242 482 1283 ille
537 1241 790 1284 comoediae
844 1257 1086 1284 sermonem
1138 1243 1191 1283 ad
1239 1257 1335 1283 eam
1383 1242 1714 1284 accommodare

140 1316 445 1370 urbanitatem,
487 1332 571 1372 qua
618 1316 876 1358 nobilissimi
923 1317 1111 1358 civitatis
1152 1316 1407 1372 quibuscum
1437 1315 1715 1357 'familiariter

140 1391 253 1432 vixit
294 1390 537 1432 utebantur.
599 1390 726 1432 Unde
773 1390 889 1432 haud
930 1391 1018 1432 scio
1067 1406 1121 1432 an
1164 1390 1471 1445 explicandum
1513 1392 1567 1431 sit
1599 1391 1714 1445 quod

138 1464 350 1520 quasdam
399 1464 532 1506 habet
577 1465 803 1506 Terentius
854 1465 1030 1517 formas,
1083 1480 1190 1520 quas
1227 1465 1387 1506 frustra
1433 1479 1616 1520 quaeras
1668 1467 1711 1506 in

140 1537 298 1580 fabulis
329 1538 541 1580 Plautinis
573 1553 711 1594 neque
743 1539 873 1580 ceteri
913 1540 1068 1580 comici
1101 1538 1351 1580 adhibuisse
1383 1538 1595 1580 videntur.
1644 1539 1712 1580 An

141 1628 259 1654 mero
293 1615 414 1654 casui
446 1619 638 1668 praestat
669 1613 905 1655 attribuere
927 1613 1044 1668 quod
1067 1619 1197 1668 poeta
1220 1619 1340 1654 tanto
1375 1628 1503 1667 opere
1536 1613 1713 1654 adamat

138 1687 323 1728 formam
349 1684 597 1739 rnecessus',
632 1702 716 1742 qua
738 1687 784 1728 P.
809 1686 1056 1741 Scipionem
1087 1702 1259 1742 quoque
1290 1688 1334 1728 in
1358 1688 1552 1729 oratione
1585 1702 1711 1729 usum

137 1776 233 1802 esse
264 1762 375 1802 forte
406 1761 581 1802 fortuna
613 1761 803 1802 scimus?
834 1760 915 1802 Vel
948 1762 982 1802 si
1014 1761 1216 1802 Plautum
1239 1768 1494 1817 ceterosque
1518 1763 1709 1803 comicos

139 1841 389 1876 constanter
435 1841 575 1889 genet.
624 1835 732 1888 sing.
779 1835 842 1876 IV
882 1834 991 1876 decl.
1039 1836 1082 1876 in
1128 1836 1156 1876 -i
1204 1835 1455 1877 adhibuisse
1500 1836 1710 1889 videmus,

138 1910 367 1950 Terentius
400 1916 544 1950 autem
577 1909 738 1950 formas
772 1910 815 1949 in
848 1910 930 1950 -uis
962 1924 1132 1964 quoque
1164 1909 1309 1963 habet,
1341 1925 1483 1951 nonne
1521 1911 1711 1966 quodam

139 1983 266 2024 modo
315 1985 554 2038 praeivisse
600 1983 770 2024 videtur
815 1983 1057 2025 doctrinam
1110 1999 1269 2036 eorum,
1325 1985 1396 2039 qui
1435 1982 1542 2026 Γ11011
1588 1985 1713 2026 aliter

143 2057 300 2098 elocuti
331 2073 424 2099 esse
471 2065 512 2099 et
554 2056 788 2113 scripsisse*
838 2058 1069 2100 dicuntur?
1121 2058 1246 2099 Certe
1293 2065 1473 2113 utraque
1512 2059 1654 2100 forma
1686 2074 1711 2100 a

138 2131 400 2172 comicorum
438 2133 582 2181 (etiam
624 2134 928 2186 posteriorum)
976 2147 1172 2173 sermone
1204 2147 1381 2187 prorsus
1421 2139 1513 2174 erat
1546 2133 1709 2175 aliena:

139 2219 246 2259 quas
279 2219 354 2246 cur
384 2212 529 2247 tamen
561 2206 800 2259 admiserit,
841 2206 959 2248 haud
991 2206 1166 2248 difficile
1209 2214 1275 2248 est
1313 2207 1432 2249 dictu
1472 2207 1525 2249 de
1565 2214 1707 2262 poeta.

139 2280 210 2334 qui
241 2294 327 2320 non
351 2285 440 2320 tam
462 2279 623 2334 populo
649 2281 821 2335 scripsit
852 2296 980 2336 quam
1003 2280 1249 2322 hominibus
1271 2281 1502 2335 nobilibus,
1527 2296 1709 2336 quorum

142 2358 327 2407 captans
361 2353 617 2408 applausum
648 2354 741 2408 ipse
774 2354 826 2396 de
859 2370 902 2395 se
936 2355 1040 2396 dicit
1071 2354 1154 2397 Ad.
1187 2355 1295 2410 prol.
1331 2356 1403 2395 18:

243 2442 359 2485 ‘eam
390 2444 563 2485 laudem
594 2444 663 2486 hic
697 2446 815 2488 ducit
846 2448 1107 2500 maxumam,
1142 2462 1272 2502 quom
1303 2446 1387 2488 illis
1419 2446 1589 2503 placet'.

136 2536 278 2587 Quam
312 2536 365 2577 ob
398 2552 487 2578 rem
518 2544 581 2579 tot
613 2540 735 2579 annis
767 2545 867 2593 post
896 2538 965 2580 vel
988 2538 1219 2580 Cicerones
1243 2545 1285 2580 et
1308 2538 1517 2580 Caesares
1550 2540 1707 2583 lectum

137 2616 265 2664 atque
317 2609 558 2663 elegantem
598 2612 769 2654 Terenti
818 2627 1059 2654 sermonem
1110 2612 1312 2654 laudibus
1363 2614 1571 2655 extulisse
1622 2631 1707 2657 non

135 2685 352 2725 miramur.
386 2684 532 2736 Quid?
563 2686 716 2727 Nonne
749 2702 858 2728 unus
891 2702 946 2728 ex
979 2688 1119 2728 atavis
1152 2688 1312 2728 nostris
1352 2689 1443 2729 iure
1486 2690 1709 2731 contendit

135 2757 307 2799 Terenti
331 2774 570 2800 sermonem
592 2760 726 2801 multo
752 2760 999 2802 similiorem
1022 2776 1115 2802 esse
1138 2759 1360 2803 Ciceronis
1385 2778 1512 2817 quam
1535 2763 1708 2805 Plauti?

134 2831 356 2885 Nimirum,
376 2834 411 2874 si
433 2836 657 2889 exceperis
675 2835 836 2877 formas
853 2832 1002 2890 ‘ipsus’
1028 2841 1070 2876 et
1087 2835 1277 2877 futurum
1304 2836 1368 2878 IV
1386 2838 1703 2892 coniugationis

135 2905 177 2944 in
210 2902 345 2958 ‘'-ibo’,
395 2914 606 2962 quotquot
636 2907 767 2949 habet
797 2908 960 2951 formas
1004 2915 1200 2952 vetustas
1240 2910 1479 2965 Terentius,
1528 2912 1705 2954 eaedem
