<?xml version="1.0" encoding="UTF-8"?>
<!DOCTYPE html PUBLIC "-//W3C//DTD XHTML 1.0 Transitional//EN"
    "http://www.w3.org/TR/xhtml1/DTD/xhtml1-transitional.dtd">
<html xmlns="http://www.w3.org/1999/xhtml" xml:lang="en" lang="en">
 <head>
  <title>
</title>
<meta http-equiv="Content-Type" content="text/html;charset=utf-8" />
  <meta name='ocr-system' content='tesseract 3.04.00' />
  <meta name='ocr-capabilities' content='ocr_page ocr_carea ocr_par ocr_line ocrx_word'/>
</head>
<body>
  <div class='ocr_page' id='page_1' title='image "./studiaterentiana00engeuoft_0064.png"; bbox 0 0 2100 3364; ppageno 0'>
   <div class='ocr_carea' id='block_1_1' title="bbox 977 291 1259 332">
    <p class='ocr_par' dir='ltr' id='par_1_1' title="bbox 977 291 1259 332">
     <span class='ocr_line' id='line_1_1' title="bbox 977 291 1259 332; baseline 0 -11"><span class='ocrx_word' id='word_1_1' title='bbox 977 291 1259 332; x_wconf 59' lang='lat'>„54-</span> 
     </span>
    </p>
   </div>
   <div class='ocr_carea' id='block_1_2' title="bbox 323 414 1911 2852">
    <p class='ocr_par' dir='ltr' id='par_1_2' title="bbox 328 414 1900 536">
     <span class='ocr_line' id='line_1_2' title="bbox 329 414 1900 474; baseline -0.004 -12"><span class='ocrx_word' id='word_1_2' title='bbox 329 422 501 474; x_wconf 86' lang='lat' dir='ltr'>saepius</span> <span class='ocrx_word' id='word_1_3' title='bbox 533 417 771 459; x_wconf 81' lang='lat' dir='ltr'>adhibitam</span> <span class='ocrx_word' id='word_1_4' title='bbox 796 432 890 458; x_wconf 80' lang='lat' dir='ltr'>esse</span> <span class='ocrx_word' id='word_1_5' title='bbox 927 415 1032 468; x_wconf 78' lang='lat' dir='ltr'>(Cic.</span> <span class='ocrx_word' id='word_1_6' title='bbox 1056 417 1099 458; x_wconf 90' lang='lat' dir='ltr'>in</span> <span class='ocrx_word' id='word_1_7' title='bbox 1122 414 1216 457; x_wconf 81' lang='lat' dir='ltr'>Cat.</span> <span class='ocrx_word' id='word_1_8' title='bbox 1240 415 1260 456; x_wconf 91' lang='grc' dir='ltr'><strong>Ι</strong></span> <span class='ocrx_word' id='word_1_9' title='bbox 1283 414 1321 468; x_wconf 99' lang='grc'>9,</span> <span class='ocrx_word' id='word_1_10' title='bbox 1355 415 1422 468; x_wconf 91' lang='grc'>22,</span> <span class='ocrx_word' id='word_1_11' title='bbox 1446 416 1550 457; x_wconf 91' lang='lat' dir='ltr'>Tac.</span> <span class='ocrx_word' id='word_1_12' title='bbox 1576 415 1720 456; x_wconf 88' lang='lat' dir='ltr'>annal.</span> <span class='ocrx_word' id='word_1_13' title='bbox 1744 416 1806 457; x_wconf 92' lang='lat' dir='ltr'>IV</span> <span class='ocrx_word' id='word_1_14' title='bbox 1828 415 1900 468; x_wconf 85' lang='grc'>38)</span> 
     </span>
     <span class='ocr_line' id='line_1_3' title="bbox 328 499 585 536; baseline -0.012 0"><span class='ocrx_word' id='word_1_15' title='bbox 328 502 476 536; x_wconf 88' lang='lat' dir='ltr'>notum</span> <span class='ocrx_word' id='word_1_16' title='bbox 508 499 585 534; x_wconf 90' lang='lat' dir='ltr'>cst.</span> 
     </span>
    </p>

    <p class='ocr_par' dir='ltr' id='par_1_3' title="bbox 326 562 1911 2033">
     <span class='ocr_line' id='line_1_4' title="bbox 460 562 1904 620; baseline -0.002 -13"><span class='ocrx_word' id='word_1_17' title='bbox 460 562 684 607; x_wconf 76' lang='lat' dir='ltr'>·&#39;Creduas⁷</span> <span class='ocrx_word' id='word_1_18' title='bbox 719 580 797 620; x_wconf 84' lang='lat' dir='ltr'>per</span> <span class='ocrx_word' id='word_1_19' title='bbox 827 565 1123 606; x_wconf 80' lang='lat' dir='ltr'>coniecturam</span> <span class='ocrx_word' id='word_1_20' title='bbox 1170 564 1328 605; x_wconf 70' lang='lat' dir='ltr'>Faerni</span> <span class='ocrx_word' id='word_1_21' title='bbox 1372 564 1663 604; x_wconf 85' lang='lat' dir='ltr'>necessariam</span> <span class='ocrx_word' id='word_1_22' title='bbox 1710 565 1761 604; x_wconf 87' lang='lat' dir='ltr'>in</span> <span class='ocrx_word' id='word_1_23' title='bbox 1797 564 1904 604; x_wconf 86' lang='lat' dir='ltr'>fine</span> 
     </span>
     <span class='ocr_line' id='line_1_5' title="bbox 331 636 1906 693; baseline -0.003 -11"><span class='ocrx_word' id='word_1_24' title='bbox 331 655 519 682; x_wconf 84' lang='lat' dir='ltr'>versus</span> <span class='ocrx_word' id='word_1_25' title='bbox 551 639 707 693; x_wconf 85' lang='lat' dir='ltr'>legitur</span> <span class='ocrx_word' id='word_1_26' title='bbox 737 639 909 679; x_wconf 83' lang='lat' dir='ltr'>Phorin.</span> <span class='ocrx_word' id='word_1_27' title='bbox 942 638 1046 678; x_wconf 82' lang='lat'>993:</span> <span class='ocrx_word' id='word_1_28' title='bbox 1084 636 1174 692; x_wconf 60' lang='lat' dir='ltr'>‘qui</span> <span class='ocrx_word' id='word_1_29' title='bbox 1205 637 1349 678; x_wconf 92' lang='lat' dir='ltr'>hercle</span> <span class='ocrx_word' id='word_1_30' title='bbox 1380 637 1452 679; x_wconf 75' lang='lat' dir='ltr'>ubi</span> <span class='ocrx_word' id='word_1_31' title='bbox 1486 639 1539 678; x_wconf 89' lang='lat' dir='ltr'>sit</span> <span class='ocrx_word' id='word_1_32' title='bbox 1570 637 1737 679; x_wconf 75' lang='lat' dir='ltr'>nescit?</span> <span class='ocrx_word' id='word_1_33' title='bbox 1789 636 1906 678; x_wconf 79' lang='lat' dir='ltr'>Cave</span> 
     </span>
     <span class='ocr_line' id='line_1_6' title="bbox 327 709 1906 770; baseline -0.004 -13"><span class='ocrx_word' id='word_1_34' title='bbox 327 716 397 757; x_wconf 88' lang='lat' dir='ltr'>isti</span> <span class='ocrx_word' id='word_1_35' title='bbox 431 716 664 770; x_wconf 87' lang='lat' dir='ltr'>quicquam</span> <span class='ocrx_word' id='word_1_36' title='bbox 710 710 903 755; x_wconf 75' lang='lat' dir='ltr'>creduas⁷</span> <span class='ocrx_word' id='word_1_37' title='bbox 944 709 1336 763; x_wconf 69' lang='lat' dir='ltr'>(c0dd.‘&lt;:1·e(las&#39;).</span> <span class='ocrx_word' id='word_1_38' title='bbox 1398 711 1598 752; x_wconf 88' lang='lat' dir='ltr'>Plautum</span> <span class='ocrx_word' id='word_1_39' title='bbox 1631 718 1786 765; x_wconf 86' lang='lat' dir='ltr'>autem,</span> <span class='ocrx_word' id='word_1_40' title='bbox 1835 712 1906 766; x_wconf 91' lang='lat' dir='ltr'>qui</span> 
     </span>
     <span class='ocr_line' id='line_1_7' title="bbox 328 784 1901 844; baseline -0.002 -14"><span class='ocrx_word' id='word_1_41' title='bbox 328 796 551 844; x_wconf 84' lang='lat' dir='ltr'>praeterea</span> <span class='ocrx_word' id='word_1_42' title='bbox 582 788 744 828; x_wconf 86' lang='lat' dir='ltr'>formas</span> <span class='ocrx_word' id='word_1_43' title='bbox 770 784 911 839; x_wconf 68' lang='lat' dir='ltr'>&#39;‘duas,</span> <span class='ocrx_word' id='word_1_44' title='bbox 959 786 1128 827; x_wconf 81' lang='lat' dir='ltr'>creduis</span> <span class='ocrx_word' id='word_1_45' title='bbox 1175 784 1265 827; x_wconf 63' lang='lat' dir='ltr'>etc.5</span> <span class='ocrx_word' id='word_1_46' title='bbox 1326 786 1397 837; x_wconf 70' lang='lat' dir='ltr'>(cf.</span> <span class='ocrx_word' id='word_1_47' title='bbox 1443 786 1562 826; x_wconf 88' lang='lat' dir='ltr'>Neue</span> <span class='ocrx_word' id='word_1_48' title='bbox 1604 784 1675 826; x_wconf 70' lang='lat' dir='ltr'>II2</span> <span class='ocrx_word' id='word_1_49' title='bbox 1706 784 1786 825; x_wconf 83' lang='lat'>441</span> <span class='ocrx_word' id='word_1_50' title='bbox 1822 787 1901 840; x_wconf 77' lang='lat' dir='ltr'>sq.)</span> 
     </span>
     <span class='ocr_line' id='line_1_8' title="bbox 326 859 1906 916; baseline -0.003 -12"><span class='ocrx_word' id='word_1_51' title='bbox 326 862 471 916; x_wconf 84' lang='lat' dir='ltr'>habet,</span> <span class='ocrx_word' id='word_1_52' title='bbox 507 864 551 903; x_wconf 92' lang='lat' dir='ltr'>in</span> <span class='ocrx_word' id='word_1_53' title='bbox 583 861 841 903; x_wconf 81' lang='lat' dir='ltr'>adhibendis</span> <span class='ocrx_word' id='word_1_54' title='bbox 873 861 1022 902; x_wconf 88' lang='lat' dir='ltr'>formis</span> <span class='ocrx_word' id='word_1_55' title='bbox 1055 862 1097 901; x_wconf 88' lang='lat' dir='ltr'>in</span> <span class='ocrx_word' id='word_1_56' title='bbox 1131 866 1250 902; x_wconf 89' lang='lat' dir='ltr'>certa</span> <span class='ocrx_word' id='word_1_57' title='bbox 1282 874 1432 901; x_wconf 84' lang='lat' dir='ltr'>versus</span> <span class='ocrx_word' id='word_1_58' title='bbox 1466 859 1568 900; x_wconf 91' lang='lat' dir='ltr'>sede</span> <span class='ocrx_word' id='word_1_59' title='bbox 1601 874 1695 901; x_wconf 87' lang='lat' dir='ltr'>sese</span> <span class='ocrx_word' id='word_1_60' title='bbox 1727 874 1814 901; x_wconf 90' lang='lat' dir='ltr'>non</span> <span class='ocrx_word' id='word_1_61' title='bbox 1846 861 1906 900; x_wconf 86' lang='lat' dir='ltr'>ita</span> 
     </span>
     <span class='ocr_line' id='line_1_9' title="bbox 327 933 1904 990; baseline -0.001 -12"><span class='ocrx_word' id='word_1_62' title='bbox 327 943 583 979; x_wconf 82' lang='lat' dir='ltr'>constanter</span> <span class='ocrx_word' id='word_1_63' title='bbox 629 937 896 978; x_wconf 80' lang='lat' dir='ltr'>continuisse</span> <span class='ocrx_word' id='word_1_64' title='bbox 935 951 957 977; x_wconf 94' lang='lat' dir='ltr'>e</span> <span class='ocrx_word' id='word_1_65' title='bbox 989 935 1096 976; x_wconf 89' lang='lat' dir='ltr'>locis</span> <span class='ocrx_word' id='word_1_66' title='bbox 1130 950 1238 990; x_wconf 89' lang='lat' dir='ltr'>quos</span> <span class='ocrx_word' id='word_1_67' title='bbox 1285 935 1393 975; x_wconf 82' lang='lat' dir='ltr'>Brix</span> <span class='ocrx_word' id='word_1_68' title='bbox 1425 934 1541 975; x_wconf 89' lang='lat' dir='ltr'>Trin.</span> <span class='ocrx_word' id='word_1_69' title='bbox 1574 933 1684 988; x_wconf 87' lang='grc'>436,</span> <span class='ocrx_word' id='word_1_70' title='bbox 1735 935 1904 976; x_wconf 81' lang='lat' dir='ltr'>Lorenz</span> 
     </span>
     <span class='ocr_line' id='line_1_10' title="bbox 327 1008 1905 1064; baseline -0.003 -12"><span class='ocrx_word' id='word_1_71' title='bbox 327 1011 454 1053; x_wconf 85' lang='lat' dir='ltr'>Most.</span> <span class='ocrx_word' id='word_1_72' title='bbox 511 1010 621 1057; x_wconf 80' lang='lat'>640,</span> <span class='ocrx_word' id='word_1_73' title='bbox 676 1010 850 1051; x_wconf 76' lang='lat' dir='ltr'>Schultz</span> <span class='ocrx_word' id='word_1_74' title='bbox 904 1010 930 1050; x_wconf 88' lang='lat' dir='ltr'>l.</span> <span class='ocrx_word' id='word_1_75' title='bbox 978 1025 1013 1050; x_wconf 93' lang='lat' dir='ltr'>c.</span> <span class='ocrx_word' id='word_1_76' title='bbox 1062 1025 1102 1064; x_wconf 91' lang='lat' dir='ltr'>p.</span> <span class='ocrx_word' id='word_1_77' title='bbox 1158 1009 1180 1048; x_wconf 95' lang='lat'>7</span> <span class='ocrx_word' id='word_1_78' title='bbox 1231 1014 1569 1063; x_wconf 83' lang='lat' dir='ltr'>congesserunt,</span> <span class='ocrx_word' id='word_1_79' title='bbox 1633 1008 1905 1062; x_wconf 83' lang='lat' dir='ltr'>intellegitur.</span> 
     </span>
     <span class='ocr_line' id='line_1_11' title="bbox 327 1081 1907 1140; baseline -0.002 -13"><span class='ocrx_word' id='word_1_80' title='bbox 327 1086 489 1128; x_wconf 88' lang='lat' dir='ltr'>Verum</span> <span class='ocrx_word' id='word_1_81' title='bbox 511 1086 627 1127; x_wconf 88' lang='lat' dir='ltr'>haud</span> <span class='ocrx_word' id='word_1_82' title='bbox 651 1084 820 1126; x_wconf 88' lang='lat' dir='ltr'>silentio</span> <span class='ocrx_word' id='word_1_83' title='bbox 845 1085 1207 1140; x_wconf 88' lang='lat' dir='ltr'>praetereundum</span> <span class='ocrx_word' id='word_1_84' title='bbox 1238 1090 1341 1139; x_wconf 88' lang='lat' dir='ltr'>puto</span> <span class='ocrx_word' id='word_1_85' title='bbox 1376 1084 1507 1123; x_wconf 84' lang='lat' dir='ltr'>etiam</span> <span class='ocrx_word' id='word_1_86' title='bbox 1527 1081 1729 1123; x_wconf 84' lang='lat' dir='ltr'>Plautum</span> <span class='ocrx_word' id='word_1_87' title='bbox 1759 1083 1801 1123; x_wconf 92' lang='lat' dir='ltr'>in</span> <span class='ocrx_word' id='word_1_88' title='bbox 1824 1083 1907 1124; x_wconf 91' lang='lat' dir='ltr'>illis</span> 
     </span>
     <span class='ocr_line' id='line_1_12' title="bbox 328 1157 1907 1214; baseline -0.003 -11"><span class='ocrx_word' id='word_1_89' title='bbox 328 1161 585 1203; x_wconf 82' lang='lat' dir='ltr'>exsecrandi</span> <span class='ocrx_word' id='word_1_90' title='bbox 631 1159 828 1201; x_wconf 81' lang='lat' dir='ltr'>formulis</span> <span class='ocrx_word' id='word_1_91' title='bbox 880 1157 963 1211; x_wconf 47' lang='lat' dir='ltr'>(fdi</span> <span class='ocrx_word' id='word_1_92' title='bbox 1009 1166 1049 1200; x_wconf 89' lang='lat' dir='ltr'>te</span> <span class='ocrx_word' id='word_1_93' title='bbox 1096 1158 1295 1214; x_wconf 87' lang='lat' dir='ltr'>perduint</span> <span class='ocrx_word' id='word_1_94' title='bbox 1342 1157 1589 1213; x_wconf 82' lang='lat' dir='ltr'>[perdant]&#39;)</span> <span class='ocrx_word' id='word_1_95' title='bbox 1621 1158 1803 1199; x_wconf 85' lang='lat' dir='ltr'>eandem</span> <span class='ocrx_word' id='word_1_96' title='bbox 1835 1157 1907 1199; x_wconf 88' lang='lat' dir='ltr'>ob-</span> 
     </span>
     <span class='ocr_line' id='line_1_13' title="bbox 329 1229 1901 1289; baseline -0.003 -11"><span class='ocrx_word' id='word_1_97' title='bbox 329 1251 529 1278; x_wconf 81' lang='lat' dir='ltr'>servasse</span> <span class='ocrx_word' id='word_1_98' title='bbox 560 1235 713 1289; x_wconf 81' lang='lat' dir='ltr'>legem.</span> <span class='ocrx_word' id='word_1_99' title='bbox 746 1235 892 1276; x_wconf 83' lang='lat' dir='ltr'>Habet</span> <span class='ocrx_word' id='word_1_100' title='bbox 915 1235 1028 1276; x_wconf 86' lang='lat' dir='ltr'>enim</span> <span class='ocrx_word' id='word_1_101' title='bbox 1058 1235 1101 1274; x_wconf 89' lang='lat' dir='ltr'>in</span> <span class='ocrx_word' id='word_1_102' title='bbox 1132 1233 1216 1274; x_wconf 90' lang='lat' dir='ltr'>fine</span> <span class='ocrx_word' id='word_1_103' title='bbox 1248 1248 1400 1275; x_wconf 80' lang='lat' dir='ltr'>versus</span> <span class='ocrx_word' id='word_1_104' title='bbox 1428 1231 1648 1288; x_wconf 60' lang='lat' dir='ltr'>⁹perduint</span> <span class='ocrx_word' id='word_1_105' title='bbox 1685 1229 1901 1287; x_wconf 81' lang='lat' dir='ltr'>(perduit)&#39;</span> 
     </span>
     <span class='ocr_line' id='line_1_14' title="bbox 327 1306 1904 1363; baseline -0.003 -12"><span class='ocrx_word' id='word_1_106' title='bbox 327 1310 457 1352; x_wconf 85' lang='lat' dir='ltr'>Most.</span> <span class='ocrx_word' id='word_1_107' title='bbox 505 1309 608 1363; x_wconf 84' lang='lat'>668,</span> <span class='ocrx_word' id='word_1_108' title='bbox 661 1310 774 1350; x_wconf 89' lang='lat' dir='ltr'>Men.</span> <span class='ocrx_word' id='word_1_109' title='bbox 828 1308 934 1361; x_wconf 91' lang='lat'>308,</span> <span class='ocrx_word' id='word_1_110' title='bbox 985 1307 1088 1361; x_wconf 89' lang='lat'>933,</span> <span class='ocrx_word' id='word_1_111' title='bbox 1143 1308 1274 1351; x_wconf 80' lang='lat' dir='ltr'>Stich.</span> <span class='ocrx_word' id='word_1_112' title='bbox 1329 1307 1424 1354; x_wconf 83' lang='lat'>595,</span> <span class='ocrx_word' id='word_1_113' title='bbox 1477 1307 1606 1363; x_wconf 86' lang='lat' dir='ltr'>Epid.</span> <span class='ocrx_word' id='word_1_114' title='bbox 1659 1307 1724 1354; x_wconf 85' lang='lat'>66,</span> <span class='ocrx_word' id='word_1_115' title='bbox 1779 1306 1904 1348; x_wconf 82' lang='lat' dir='ltr'>Curc.</span> 
     </span>
     <span class='ocr_line' id='line_1_15' title="bbox 330 1380 1908 1437; baseline -0.001 -13"><span class='ocrx_word' id='word_1_116' title='bbox 330 1384 426 1437; x_wconf 93' lang='lat'>719,</span> <span class='ocrx_word' id='word_1_117' title='bbox 478 1384 606 1426; x_wconf 88' lang='lat' dir='ltr'>Truc.</span> <span class='ocrx_word' id='word_1_118' title='bbox 639 1383 735 1437; x_wconf 89' lang='grc'>331,</span> <span class='ocrx_word' id='word_1_119' title='bbox 784 1383 882 1424; x_wconf 79' lang='lat' dir='ltr'>Aul.</span> <span class='ocrx_word' id='word_1_120' title='bbox 919 1382 1011 1435; x_wconf 82' lang='lat'>785,</span> <span class='ocrx_word' id='word_1_121' title='bbox 1061 1382 1194 1424; x_wconf 88' lang='lat' dir='ltr'>Merc.</span> <span class='ocrx_word' id='word_1_122' title='bbox 1238 1382 1331 1436; x_wconf 90' lang='lat'>710,</span> <span class='ocrx_word' id='word_1_123' title='bbox 1381 1381 1475 1436; x_wconf 90' lang='lat'>793,</span> <span class='ocrx_word' id='word_1_124' title='bbox 1522 1380 1623 1424; x_wconf 83' lang='lat' dir='ltr'>Cas.</span> <span class='ocrx_word' id='word_1_125' title='bbox 1656 1381 1752 1433; x_wconf 84' lang='grc'>534,</span> <span class='ocrx_word' id='word_1_126' title='bbox 1776 1382 1908 1423; x_wconf 88' lang='lat' dir='ltr'>Poen.</span> 
     </span>
     <span class='ocr_line' id='line_1_16' title="bbox 327 1455 1908 1514; baseline -0.003 -14"><span class='ocrx_word' id='word_1_127' title='bbox 327 1458 423 1512; x_wconf 85' lang='lat'>601,</span> <span class='ocrx_word' id='word_1_128' title='bbox 471 1458 577 1512; x_wconf 74' lang='lat'>8533</span> <span class='ocrx_word' id='word_1_129' title='bbox 620 1460 663 1500; x_wconf 91' lang='lat' dir='ltr'>in</span> <span class='ocrx_word' id='word_1_130' title='bbox 704 1459 788 1500; x_wconf 91' lang='lat' dir='ltr'>fine</span> <span class='ocrx_word' id='word_1_131' title='bbox 831 1459 986 1514; x_wconf 87' lang='lat' dir='ltr'>prioris</span> <span class='ocrx_word' id='word_1_132' title='bbox 1031 1459 1242 1499; x_wconf 81' lang='lat' dir='ltr'>octonarii</span> <span class='ocrx_word' id='word_1_133' title='bbox 1284 1456 1458 1498; x_wconf 85' lang='lat' dir='ltr'>iambici</span> <span class='ocrx_word' id='word_1_134' title='bbox 1501 1458 1636 1512; x_wconf 87' lang='lat' dir='ltr'>partis</span> <span class='ocrx_word' id='word_1_135' title='bbox 1674 1456 1788 1497; x_wconf 87' lang='lat' dir='ltr'>Men.</span> <span class='ocrx_word' id='word_1_136' title='bbox 1812 1455 1908 1509; x_wconf 91' lang='grc'>451,</span> 
     </span>
     <span class='ocr_line' id='line_1_17' title="bbox 328 1528 1910 1586; baseline -0.002 -11"><span class='ocrx_word' id='word_1_137' title='bbox 328 1534 449 1575; x_wconf 90' lang='lat' dir='ltr'>Asin.</span> <span class='ocrx_word' id='word_1_138' title='bbox 481 1532 566 1573; x_wconf 83' lang='lat'>467</span> <span class='ocrx_word' id='word_1_139' title='bbox 607 1533 754 1586; x_wconf 80' lang='lat' dir='ltr'>(Poen.</span> <span class='ocrx_word' id='word_1_140' title='bbox 780 1532 902 1586; x_wconf 70' lang='lat'>731),</span> <span class='ocrx_word' id='word_1_141' title='bbox 937 1539 1089 1573; x_wconf 86' lang='lat' dir='ltr'>contra</span> <span class='ocrx_word' id='word_1_142' title='bbox 1111 1532 1153 1572; x_wconf 91' lang='lat' dir='ltr'>in</span> <span class='ocrx_word' id='word_1_143' title='bbox 1177 1531 1318 1573; x_wconf 87' lang='lat' dir='ltr'>medio</span> <span class='ocrx_word' id='word_1_144' title='bbox 1351 1528 1766 1585; x_wconf 63' lang='lat' dir='ltr'>vei-S1132)⁶perdant</span> <span class='ocrx_word' id='word_1_145' title='bbox 1802 1532 1910 1586; x_wconf 61' lang='lat' dir='ltr'>‹sper-</span> 
     </span>
     <span class='ocr_line' id='line_1_18' title="bbox 329 1603 1906 1661; baseline -0.004 -11"><span class='ocrx_word' id='word_1_146' title='bbox 329 1605 435 1660; x_wconf 86' lang='lat' dir='ltr'>dat)&#39;</span> <span class='ocrx_word' id='word_1_147' title='bbox 473 1608 603 1649; x_wconf 84' lang='lat' dir='ltr'>Most.</span> <span class='ocrx_word' id='word_1_148' title='bbox 638 1606 703 1661; x_wconf 84' lang='lat'>39,</span> <span class='ocrx_word' id='word_1_149' title='bbox 739 1606 834 1659; x_wconf 86' lang='grc'>684,</span> <span class='ocrx_word' id='word_1_150' title='bbox 881 1607 996 1648; x_wconf 87' lang='lat' dir='ltr'>Men.</span> <span class='ocrx_word' id='word_1_151' title='bbox 1030 1605 1126 1659; x_wconf 87' lang='lat'>596,</span> <span class='ocrx_word' id='word_1_152' title='bbox 1161 1605 1255 1654; x_wconf 90' lang='lat'>666,</span> <span class='ocrx_word' id='word_1_153' title='bbox 1304 1606 1460 1647; x_wconf 85' lang='lat' dir='ltr'>Pseud.</span> <span class='ocrx_word' id='word_1_154' title='bbox 1494 1604 1590 1658; x_wconf 90' lang='lat'>251,</span> <span class='ocrx_word' id='word_1_155' title='bbox 1638 1603 1733 1657; x_wconf 80' lang='grc'>837,</span> <span class='ocrx_word' id='word_1_156' title='bbox 1784 1604 1906 1657; x_wconf 87' lang='grc'>1229,</span> 
     </span>
     <span class='ocr_line' id='line_1_19' title="bbox 327 1678 1908 1736; baseline -0.003 -12"><span class='ocrx_word' id='word_1_157' title='bbox 327 1683 445 1724; x_wconf 87' lang='lat' dir='ltr'>Trin.</span> <span class='ocrx_word' id='word_1_158' title='bbox 478 1681 573 1733; x_wconf 87' lang='lat'>923,</span> <span class='ocrx_word' id='word_1_159' title='bbox 607 1680 703 1735; x_wconf 89' lang='grc'>992,</span> <span class='ocrx_word' id='word_1_160' title='bbox 737 1680 832 1734; x_wconf 88' lang='grc'>997,</span> <span class='ocrx_word' id='word_1_161' title='bbox 880 1681 963 1736; x_wconf 88' lang='lat' dir='ltr'>Ep.</span> <span class='ocrx_word' id='word_1_162' title='bbox 997 1680 1064 1733; x_wconf 82' lang='lat'>23,</span> <span class='ocrx_word' id='word_1_163' title='bbox 1099 1679 1224 1721; x_wconf 84' lang='lat' dir='ltr'>Cure.</span> <span class='ocrx_word' id='word_1_164' title='bbox 1258 1679 1355 1732; x_wconf 83' lang='lat'>317,</span> <span class='ocrx_word' id='word_1_165' title='bbox 1403 1679 1498 1732; x_wconf 89' lang='grc'>623,</span> <span class='ocrx_word' id='word_1_166' title='bbox 1553 1679 1651 1720; x_wconf 86' lang='lat' dir='ltr'>Aul.</span> <span class='ocrx_word' id='word_1_167' title='bbox 1685 1678 1781 1732; x_wconf 79' lang='grc'>645,</span> <span class='ocrx_word' id='word_1_168' title='bbox 1814 1678 1908 1732; x_wconf 83' lang='grc'>658,</span> 
     </span>
     <span class='ocr_line' id='line_1_20' title="bbox 329 1751 1908 1812; baseline -0.004 -13"><span class='ocrx_word' id='word_1_169' title='bbox 329 1757 489 1812; x_wconf 84' lang='lat' dir='ltr'><strong>Amph.</strong></span> <span class='ocrx_word' id='word_1_170' title='bbox 516 1754 614 1809; x_wconf 83' lang='lat'>570,</span> <span class='ocrx_word' id='word_1_171' title='bbox 638 1756 773 1797; x_wconf 88' lang='lat' dir='ltr'>Merc.</span> <span class='ocrx_word' id='word_1_172' title='bbox 798 1755 893 1809; x_wconf 89' lang='grc'>967,</span> <span class='ocrx_word' id='word_1_173' title='bbox 926 1755 1016 1796; x_wconf 83' lang='lat' dir='ltr'>Mil.</span> <span class='ocrx_word' id='word_1_174' title='bbox 1037 1754 1131 1807; x_wconf 90' lang='grc'>286,</span> <span class='ocrx_word' id='word_1_175' title='bbox 1156 1754 1251 1807; x_wconf 81' lang='grc'>833,</span> <span class='ocrx_word' id='word_1_176' title='bbox 1284 1756 1402 1796; x_wconf 80' lang='lat' dir='ltr'>Pers.</span> <span class='ocrx_word' id='word_1_177' title='bbox 1426 1754 1521 1802; x_wconf 87' lang='grc'>622,</span> <span class='ocrx_word' id='word_1_178' title='bbox 1543 1754 1636 1807; x_wconf 86' lang='grc'>784,</span> <span class='ocrx_word' id='word_1_179' title='bbox 1670 1751 1795 1809; x_wconf 78' lang='lat' dir='ltr'>Capt.</span> <span class='ocrx_word' id='word_1_180' title='bbox 1817 1752 1908 1804; x_wconf 88' lang='grc'>168,</span> 
     </span>
     <span class='ocr_line' id='line_1_21' title="bbox 329 1826 1908 1885; baseline -0.004 -13"><span class='ocrx_word' id='word_1_181' title='bbox 329 1830 424 1885; x_wconf 91' lang='grc'>909,</span> <span class='ocrx_word' id='word_1_182' title='bbox 458 1831 569 1872; x_wconf 88' lang='lat' dir='ltr'>Rud.</span> <span class='ocrx_word' id='word_1_183' title='bbox 603 1829 699 1883; x_wconf 88' lang='grc'>569,</span> <span class='ocrx_word' id='word_1_184' title='bbox 735 1829 857 1882; x_wconf 87' lang='grc'>1112,</span> <span class='ocrx_word' id='word_1_185' title='bbox 895 1829 1016 1877; x_wconf 87' lang='grc'>1166,</span> <span class='ocrx_word' id='word_1_186' title='bbox 1052 1828 1152 1870; x_wconf 80' lang='lat' dir='ltr'>Cas.</span> <span class='ocrx_word' id='word_1_187' title='bbox 1180 1829 1271 1877; x_wconf 78' lang='lat'>135,</span> <span class='ocrx_word' id='word_1_188' title='bbox 1298 1829 1391 1877; x_wconf 79' lang='lat'>172,</span> <span class='ocrx_word' id='word_1_189' title='bbox 1423 1829 1514 1881; x_wconf 87' lang='lat'>176,</span> <span class='ocrx_word' id='word_1_190' title='bbox 1539 1828 1634 1879; x_wconf 85' lang='lat'>505,</span> <span class='ocrx_word' id='word_1_191' title='bbox 1658 1828 1790 1869; x_wconf 89' lang='lat' dir='ltr'>Poen.</span> <span class='ocrx_word' id='word_1_192' title='bbox 1813 1826 1908 1879; x_wconf 87' lang='grc'>579,</span> 
     </span>
     <span class='ocr_line' id='line_1_22' title="bbox 330 1903 1911 1959; baseline -0.004 -11"><span class='ocrx_word' id='word_1_193' title='bbox 330 1906 425 1959; x_wconf 88' lang='grc'>854,</span> <span class='ocrx_word' id='word_1_194' title='bbox 461 1905 565 1947; x_wconf 84' lang='lat' dir='ltr'>Cist.</span> <span class='ocrx_word' id='word_1_195' title='bbox 606 1906 649 1946; x_wconf 90' lang='lat' dir='ltr'>II</span> <span class='ocrx_word' id='word_1_196' title='bbox 693 1905 728 1958; x_wconf 92' lang='lat'>1,</span> <span class='ocrx_word' id='word_1_197' title='bbox 762 1904 829 1944; x_wconf 88' lang='lat'>21.</span> <span class='ocrx_word' id='word_1_198' title='bbox 892 1904 1042 1959; x_wconf 87' lang='lat' dir='ltr'>Itaque</span> <span class='ocrx_word' id='word_1_199' title='bbox 1089 1903 1332 1945; x_wconf 87' lang='lat' dir='ltr'>cavendum</span> <span class='ocrx_word' id='word_1_200' title='bbox 1378 1910 1443 1945; x_wconf 87' lang='lat' dir='ltr'>est</span> <span class='ocrx_word' id='word_1_201' title='bbox 1488 1918 1541 1944; x_wconf 89' lang='lat' dir='ltr'>ne</span> <span class='ocrx_word' id='word_1_202' title='bbox 1588 1909 1741 1944; x_wconf 88' lang='lat' dir='ltr'>contra</span> <span class='ocrx_word' id='word_1_203' title='bbox 1785 1915 1911 1942; x_wconf 81' lang='lat' dir='ltr'>usum</span> 
     </span>
     <span class='ocr_line' id='line_1_23' title="bbox 328 1977 1704 2033; baseline -0.003 -12"><span class='ocrx_word' id='word_1_204' title='bbox 328 1980 574 2022; x_wconf 86' lang='lat' dir='ltr'>Plautinum</span> <span class='ocrx_word' id='word_1_205' title='bbox 605 1980 768 2021; x_wconf 89' lang='lat' dir='ltr'>formas</span> <span class='ocrx_word' id='word_1_206' title='bbox 809 1979 1010 2033; x_wconf 84' lang='lat' dir='ltr'>antiquas</span> <span class='ocrx_word' id='word_1_207' title='bbox 1042 1978 1195 2019; x_wconf 89' lang='lat' dir='ltr'>mediis</span> <span class='ocrx_word' id='word_1_208' title='bbox 1227 1977 1424 2019; x_wconf 76' lang='lat' dir='ltr'>versibus</span> <span class='ocrx_word' id='word_1_209' title='bbox 1456 1978 1704 2019; x_wconf 86' lang='lat' dir='ltr'>inferamus.</span> 
     </span>
    </p>

    <p class='ocr_par' dir='ltr' id='par_1_4' title="bbox 323 2048 1910 2691">
     <span class='ocr_line' id='line_1_24' title="bbox 466 2048 1910 2108; baseline -0.004 -13"><span class='ocrx_word' id='word_1_210' title='bbox 466 2055 505 2095; x_wconf 87' lang='grc'>3.</span> <span class='ocrx_word' id='word_1_211' title='bbox 558 2053 872 2096; x_wconf 84' lang='lat' dir='ltr'>Coniunctivus</span> <span class='ocrx_word' id='word_1_212' title='bbox 898 2050 1021 2094; x_wconf 74' lang='lat' dir='ltr'>‘fuat&#39;</span> <span class='ocrx_word' id='word_1_213' title='bbox 1057 2053 1270 2108; x_wconf 87' lang='lat' dir='ltr'>reperitur</span> <span class='ocrx_word' id='word_1_214' title='bbox 1312 2053 1355 2093; x_wconf 90' lang='lat' dir='ltr'>in</span> <span class='ocrx_word' id='word_1_215' title='bbox 1386 2067 1473 2093; x_wconf 87' lang='lat' dir='ltr'>una</span> <span class='ocrx_word' id='word_1_216' title='bbox 1505 2052 1652 2107; x_wconf 82' lang='lat' dir='ltr'>phrasi</span> <span class='ocrx_word' id='word_1_217' title='bbox 1685 2051 1792 2092; x_wconf 90' lang='lat' dir='ltr'>Hec.</span> <span class='ocrx_word' id='word_1_218' title='bbox 1827 2048 1910 2090; x_wconf 89' lang='lat'>610</span> 
     </span>
     <span class='ocr_line' id='line_1_25' title="bbox 324 2123 1908 2184; baseline -0.005 -13"><span class='ocrx_word' id='word_1_219' title='bbox 324 2127 431 2171; x_wconf 63' lang='lat' dir='ltr'>“fors</span> <span class='ocrx_word' id='word_1_220' title='bbox 463 2130 558 2170; x_wconf 86' lang='lat' dir='ltr'>fuat</span> <span class='ocrx_word' id='word_1_221' title='bbox 588 2127 688 2184; x_wconf 79' lang='lat' dir='ltr'>pol&#39;,</span> <span class='ocrx_word' id='word_1_222' title='bbox 723 2143 851 2184; x_wconf 88' lang='lat' dir='ltr'>quam</span> <span class='ocrx_word' id='word_1_223' title='bbox 884 2127 1085 2169; x_wconf 80' lang='lat' dir='ltr'>Sostrata</span> <span class='ocrx_word' id='word_1_224' title='bbox 1117 2127 1268 2168; x_wconf 90' lang='lat' dir='ltr'>mulier</span> <span class='ocrx_word' id='word_1_225' title='bbox 1295 2125 1400 2178; x_wconf 73' lang='lat' dir='ltr'>(Cic.</span> <span class='ocrx_word' id='word_1_226' title='bbox 1426 2126 1477 2168; x_wconf 90' lang='lat' dir='ltr'>de</span> <span class='ocrx_word' id='word_1_227' title='bbox 1512 2132 1618 2167; x_wconf 88' lang='lat' dir='ltr'>orat.</span> <span class='ocrx_word' id='word_1_228' title='bbox 1651 2125 1718 2166; x_wconf 88' lang='lat' dir='ltr'>III</span> <span class='ocrx_word' id='word_1_229' title='bbox 1744 2124 1806 2178; x_wconf 83' lang='lat'>12,</span> <span class='ocrx_word' id='word_1_230' title='bbox 1831 2123 1908 2164; x_wconf 78' lang='lat'>45:</span> 
     </span>
     <span class='ocr_line' id='line_1_26' title="bbox 323 2196 1910 2257; baseline -0.003 -12"><span class='ocrx_word' id='word_1_231' title='bbox 323 2202 518 2245; x_wconf 69' lang='lat' dir='ltr'>⁹facilius</span> <span class='ocrx_word' id='word_1_232' title='bbox 564 2203 765 2244; x_wconf 87' lang='lat' dir='ltr'>mulieres</span> <span class='ocrx_word' id='word_1_233' title='bbox 814 2204 1109 2257; x_wconf 86' lang='lat' dir='ltr'>incorruptam</span> <span class='ocrx_word' id='word_1_234' title='bbox 1152 2202 1454 2256; x_wconf 84' lang='lat' dir='ltr'>antiquitatem</span> <span class='ocrx_word' id='word_1_235' title='bbox 1487 2196 1778 2250; x_wconf 80' lang='lat' dir='ltr'>conservant&#39;)</span> <span class='ocrx_word' id='word_1_236' title='bbox 1814 2213 1910 2254; x_wconf 88' lang='lat' dir='ltr'>pro-</span> 
     </span>
     <span class='ocr_line' id='line_1_27' title="bbox 328 2274 1908 2332; baseline -0.003 -13"><span class='ocrx_word' id='word_1_237' title='bbox 328 2280 513 2320; x_wconf 88' lang='lat' dir='ltr'>nuntiat.</span> <span class='ocrx_word' id='word_1_238' title='bbox 549 2277 647 2330; x_wconf 77' lang='lat' dir='ltr'>Qua</span> <span class='ocrx_word' id='word_1_239' title='bbox 678 2277 825 2332; x_wconf 86' lang='lat' dir='ltr'>phrasi</span> <span class='ocrx_word' id='word_1_240' title='bbox 856 2276 955 2318; x_wconf 89' lang='lat' dir='ltr'>inde</span> <span class='ocrx_word' id='word_1_241' title='bbox 988 2291 1013 2317; x_wconf 88' lang='lat' dir='ltr'>a</span> <span class='ocrx_word' id='word_1_242' title='bbox 1036 2276 1188 2317; x_wconf 87' lang='lat' dir='ltr'>Plauto</span> <span class='ocrx_word' id='word_1_243' title='bbox 1233 2275 1406 2328; x_wconf 79' lang='lat' dir='ltr'>(Pseud.</span> <span class='ocrx_word' id='word_1_244' title='bbox 1440 2274 1538 2326; x_wconf 85' lang='lat'>432)</span> <span class='ocrx_word' id='word_1_245' title='bbox 1575 2275 1641 2315; x_wconf 86' lang='lat' dir='ltr'>usi</span> <span class='ocrx_word' id='word_1_246' title='bbox 1674 2281 1772 2315; x_wconf 90' lang='lat' dir='ltr'>sunt</span> <span class='ocrx_word' id='word_1_247' title='bbox 1809 2274 1908 2315; x_wconf 86' lang='lat' dir='ltr'>scri-</span> 
     </span>
     <span class='ocr_line' id='line_1_28' title="bbox 329 2346 1906 2408; baseline -0.004 -14"><span class='ocrx_word' id='word_1_248' title='bbox 329 2360 476 2408; x_wconf 86' lang='lat' dir='ltr'>ptores</span> <span class='ocrx_word' id='word_1_249' title='bbox 499 2352 686 2394; x_wconf 85' lang='lat' dir='ltr'>Romani</span> <span class='ocrx_word' id='word_1_250' title='bbox 715 2352 851 2404; x_wconf 86' lang='lat' dir='ltr'>(Neue</span> <span class='ocrx_word' id='word_1_251' title='bbox 874 2349 938 2392; x_wconf 71' lang='lat'>11⁹</span> <span class='ocrx_word' id='word_1_252' title='bbox 970 2349 1086 2403; x_wconf 87' lang='grc'>595).</span> <span class='ocrx_word' id='word_1_253' title='bbox 1119 2350 1280 2391; x_wconf 88' lang='lat' dir='ltr'>Notum</span> <span class='ocrx_word' id='word_1_254' title='bbox 1303 2351 1433 2391; x_wconf 83' lang='lat' dir='ltr'>etiam</span> <span class='ocrx_word' id='word_1_255' title='bbox 1464 2348 1569 2389; x_wconf 88' lang='lat' dir='ltr'>illud</span> <span class='ocrx_word' id='word_1_256' title='bbox 1591 2347 1755 2403; x_wconf 86' lang='lat' dir='ltr'>Vergili</span> <span class='ocrx_word' id='word_1_257' title='bbox 1783 2349 1797 2399; x_wconf 60' lang='grc' dir='ltr'><em>ζ</em></span> <span class='ocrx_word' id='word_1_258' title='bbox 1801 2346 1906 2389; x_wconf 84' lang='lat' dir='ltr'>Aen.</span> 
     </span>
     <span class='ocr_line' id='line_1_29' title="bbox 330 2420 1908 2479; baseline -0.004 -12"><span class='ocrx_word' id='word_1_259' title='bbox 330 2427 375 2468; x_wconf 94' lang='lat' dir='ltr'>X</span> <span class='ocrx_word' id='word_1_260' title='bbox 408 2424 530 2479; x_wconf 83' lang='grc'>108);</span> <span class='ocrx_word' id='word_1_261' title='bbox 557 2423 686 2467; x_wconf 77' lang='lat' dir='ltr'>‘Tros</span> <span class='ocrx_word' id='word_1_262' title='bbox 718 2425 957 2467; x_wconf 85' lang='lat' dir='ltr'>Rutulusve</span> <span class='ocrx_word' id='word_1_263' title='bbox 987 2422 1103 2465; x_wconf 85' lang='lat' dir='ltr'>fuat.⁷</span> <span class='ocrx_word' id='word_1_264' title='bbox 1148 2424 1368 2465; x_wconf 88' lang='lat' dir='ltr'>Bentleius</span> <span class='ocrx_word' id='word_1_265' title='bbox 1401 2424 1531 2465; x_wconf 86' lang='lat' dir='ltr'>etiam</span> <span class='ocrx_word' id='word_1_266' title='bbox 1564 2422 1648 2464; x_wconf 85' lang='lat' dir='ltr'>Ad.</span> <span class='ocrx_word' id='word_1_267' title='bbox 1681 2421 1765 2463; x_wconf 84' lang='lat'>855</span> <span class='ocrx_word' id='word_1_268' title='bbox 1789 2420 1908 2462; x_wconf 61' lang='lat' dir='ltr'>“suar</span> 
     </span>
     <span class='ocr_line' id='line_1_30' title="bbox 331 2496 1908 2557; baseline -0.006 -13"><span class='ocrx_word' id='word_1_269' title='bbox 331 2516 408 2557; x_wconf 88' lang='lat' dir='ltr'>pro</span> <span class='ocrx_word' id='word_1_270' title='bbox 436 2497 544 2542; x_wconf 58' lang='lat' dir='ltr'>“fuis</span> <span class='ocrx_word' id='word_1_271' title='bbox 580 2500 765 2554; x_wconf 86' lang='lat' dir='ltr'>scripsit,</span> <span class='ocrx_word' id='word_1_272' title='bbox 801 2500 877 2541; x_wconf 87' lang='lat' dir='ltr'>sed</span> <span class='ocrx_word' id='word_1_273' title='bbox 900 2499 1096 2540; x_wconf 86' lang='lat' dir='ltr'>mutandi</span> <span class='ocrx_word' id='word_1_274' title='bbox 1119 2513 1253 2540; x_wconf 88' lang='lat' dir='ltr'>causa</span> <span class='ocrx_word' id='word_1_275' title='bbox 1275 2513 1361 2539; x_wconf 90' lang='lat' dir='ltr'>non</span> <span class='ocrx_word' id='word_1_276' title='bbox 1393 2497 1531 2539; x_wconf 88' lang='lat' dir='ltr'>adest.</span> <span class='ocrx_word' id='word_1_277' title='bbox 1555 2496 1686 2552; x_wconf 92' lang='lat' dir='ltr'>Apud</span> <span class='ocrx_word' id='word_1_278' title='bbox 1706 2496 1908 2537; x_wconf 86' lang='lat' dir='ltr'>Plautum</span> 
     </span>
     <span class='ocr_line' id='line_1_31' title="bbox 326 2568 1908 2629; baseline -0.004 -13"><span class='ocrx_word' id='word_1_279' title='bbox 326 2574 475 2629; x_wconf 61' lang='lat' dir='ltr'>⁶fua1n,</span> <span class='ocrx_word' id='word_1_280' title='bbox 509 2589 591 2627; x_wconf 84' lang='lat' dir='ltr'>-as,</span> <span class='ocrx_word' id='word_1_281' title='bbox 623 2580 696 2627; x_wconf 87' lang='lat' dir='ltr'>-at,</span> <span class='ocrx_word' id='word_1_282' title='bbox 720 2571 822 2615; x_wconf 76' lang='lat' dir='ltr'>-ant’</span> <span class='ocrx_word' id='word_1_283' title='bbox 857 2574 992 2614; x_wconf 90' lang='lat' dir='ltr'>vicies</span> <span class='ocrx_word' id='word_1_284' title='bbox 1029 2573 1120 2614; x_wconf 86' lang='lat' dir='ltr'>fere</span> <span class='ocrx_word' id='word_1_285' title='bbox 1142 2573 1342 2626; x_wconf 86' lang='lat' dir='ltr'>leguntur</span> <span class='ocrx_word' id='word_1_286' title='bbox 1364 2572 1417 2612; x_wconf 85' lang='lat' dir='ltr'>cf.</span> <span class='ocrx_word' id='word_1_287' title='bbox 1442 2571 1611 2612; x_wconf 84' lang='lat' dir='ltr'>Lorenz</span> <span class='ocrx_word' id='word_1_288' title='bbox 1634 2569 1788 2612; x_wconf 88' lang='lat' dir='ltr'>Pseud.</span> <span class='ocrx_word' id='word_1_289' title='bbox 1813 2568 1908 2621; x_wconf 87' lang='grc'>412,</span> 
     </span>
     <span class='ocr_line' id='line_1_32' title="bbox 332 2647 693 2691; baseline -0.014 1"><span class='ocrx_word' id='word_1_290' title='bbox 332 2651 439 2691; x_wconf 83' lang='lat' dir='ltr'>Brix</span> <span class='ocrx_word' id='word_1_291' title='bbox 472 2648 563 2690; x_wconf 86' lang='lat' dir='ltr'>Mil.</span> <span class='ocrx_word' id='word_1_292' title='bbox 598 2647 693 2688; x_wconf 81' lang='lat'>299.</span> 
     </span>
    </p>

    <p class='ocr_par' dir='ltr' id='par_1_5' title="bbox 337 2718 1908 2852">
     <span class='ocr_line' id='line_1_33' title="bbox 469 2718 1908 2776; baseline -0.003 -12"><span class='ocrx_word' id='word_1_293' title='bbox 469 2723 509 2764; x_wconf 88' lang='lat'>4.</span> <span class='ocrx_word' id='word_1_294' title='bbox 541 2723 726 2764; x_wconf 83' lang='lat' dir='ltr'>Formae</span> <span class='ocrx_word' id='word_1_295' title='bbox 758 2722 864 2776; x_wconf 84' lang='lat' dir='ltr'>perf.</span> <span class='ocrx_word' id='word_1_296' title='bbox 888 2723 1105 2763; x_wconf 89' lang='lat' dir='ltr'>coniunct.</span> <span class='ocrx_word' id='word_1_297' title='bbox 1138 2723 1181 2762; x_wconf 92' lang='lat' dir='ltr'>in</span> <span class='ocrx_word' id='word_1_298' title='bbox 1214 2721 1312 2762; x_wconf 87' lang='lat' dir='ltr'>-sim</span> <span class='ocrx_word' id='word_1_299' title='bbox 1339 2720 1462 2772; x_wconf 74' lang='lat' dir='ltr'>(xim)</span> <span class='ocrx_word' id='word_1_300' title='bbox 1500 2726 1541 2761; x_wconf 89' lang='lat' dir='ltr'>et</span> <span class='ocrx_word' id='word_1_301' title='bbox 1572 2719 1647 2759; x_wconf 88' lang='lat' dir='ltr'>fut.</span> <span class='ocrx_word' id='word_1_302' title='bbox 1672 2732 1756 2760; x_wconf 91' lang='lat' dir='ltr'>sec.</span> <span class='ocrx_word' id='word_1_303' title='bbox 1780 2718 1822 2759; x_wconf 91' lang='lat' dir='ltr'>in</span> <span class='ocrx_word' id='word_1_304' title='bbox 1845 2734 1908 2759; x_wconf 84' lang='lat' dir='ltr'>-so</span> 
     </span>
     <span class='ocr_line' id='line_1_34' title="bbox 337 2792 1907 2852; baseline -0.003 -14"><span class='ocrx_word' id='word_1_305' title='bbox 337 2799 428 2848; x_wconf 69' lang='lat' dir='ltr'>(xo)</span> <span class='ocrx_word' id='word_1_306' title='bbox 480 2797 597 2852; x_wconf 88' lang='lat' dir='ltr'>apud</span> <span class='ocrx_word' id='word_1_307' title='bbox 644 2796 845 2837; x_wconf 86' lang='lat' dir='ltr'>Plautum</span> <span class='ocrx_word' id='word_1_308' title='bbox 899 2795 995 2851; x_wconf 91' lang='lat' dir='ltr'>plus</span> <span class='ocrx_word' id='word_1_309' title='bbox 1043 2797 1235 2837; x_wconf 86' lang='lat' dir='ltr'>centiens</span> <span class='ocrx_word' id='word_1_310' title='bbox 1290 2796 1562 2850; x_wconf 86' lang='lat' dir='ltr'>reperiuntur</span> <span class='ocrx_word' id='word_1_311' title='bbox 1613 2792 1683 2844; x_wconf 73' lang='lat' dir='ltr'>(cf.</span> <span class='ocrx_word' id='word_1_312' title='bbox 1732 2792 1907 2834; x_wconf 86' lang='lat' dir='ltr'>Schultz</span> 
     </span>
    </p>
   </div>
   <div class='ocr_carea' id='block_1_3' title="bbox 334 2905 1909 3006">
    <p class='ocr_par' dir='ltr' id='par_1_6' title="bbox 334 2905 1909 3006">
     <span class='ocr_line' id='line_1_35' title="bbox 475 2905 1909 2951; baseline -0.001 -11"><span class='ocrx_word' id='word_1_313' title='bbox 475 2908 513 2950; x_wconf 56' lang='grc' dir='ltr'>3Ἰ)</span> <span class='ocrx_word' id='word_1_314' title='bbox 538 2908 743 2951; x_wconf 79' lang='lat' dir='ltr'>Flagitante</span> <span class='ocrx_word' id='word_1_315' title='bbox 784 2913 894 2941; x_wconf 82' lang='lat' dir='ltr'>metro</span> <span class='ocrx_word' id='word_1_316' title='bbox 931 2910 1037 2940; x_wconf 86' lang='lat' dir='ltr'>etiam</span> <span class='ocrx_word' id='word_1_317' title='bbox 1080 2910 1114 2939; x_wconf 85' lang='lat' dir='ltr'>in</span> <span class='ocrx_word' id='word_1_318' title='bbox 1157 2909 1224 2940; x_wconf 79' lang='lat' dir='ltr'>fine</span> <span class='ocrx_word' id='word_1_319' title='bbox 1267 2918 1390 2940; x_wconf 79' lang='lat' dir='ltr'>versus</span> <span class='ocrx_word' id='word_1_320' title='bbox 1445 2907 1511 2938; x_wconf 84' lang='lat' dir='ltr'>hac</span> <span class='ocrx_word' id='word_1_321' title='bbox 1550 2906 1683 2938; x_wconf 84' lang='lat' dir='ltr'>formae</span> <span class='ocrx_word' id='word_1_322' title='bbox 1726 2905 1909 2948; x_wconf 85' lang='lat' dir='ltr'>leguntur:</span> 
     </span>
     <span class='ocr_line' id='line_1_36' title="bbox 334 2967 640 3006; baseline 0.003 -8"><span class='ocrx_word' id='word_1_323' title='bbox 334 2967 432 3000; x_wconf 78' lang='lat' dir='ltr'>Pers.</span> <span class='ocrx_word' id='word_1_324' title='bbox 460 2967 537 3006; x_wconf 77' lang='lat'>292,</span> <span class='ocrx_word' id='word_1_325' title='bbox 565 2967 640 2999; x_wconf 77' lang='lat'>298.</span> 
     </span>
    </p>
   </div>
  </div>
 </body>
</html>
