<?xml version="1.0" encoding="UTF-8"?>
<!DOCTYPE html PUBLIC "-//W3C//DTD XHTML 1.0 Transitional//EN"
    "http://www.w3.org/TR/xhtml1/DTD/xhtml1-transitional.dtd">
<html xmlns="http://www.w3.org/1999/xhtml" xml:lang="en" lang="en">
 <head>
  <title>
</title>
<meta http-equiv="Content-Type" content="text/html;charset=utf-8" />
  <meta name='ocr-system' content='tesseract 3.04.00' />
  <meta name='ocr-capabilities' content='ocr_page ocr_carea ocr_par ocr_line ocrx_word'/>
</head>
<body>
  <div class='ocr_page' id='page_1' title='image "./studiaterentiana00engeuoft_0067.png"; bbox 0 0 2100 3364; ppageno 0'>
   <div class='ocr_carea' id='block_1_1' title="bbox 815 248 1096 288">
    <p class='ocr_par' dir='ltr' id='par_1_1' title="bbox 815 248 1096 288">
     <span class='ocr_line' id='line_1_1' title="bbox 815 248 1096 288; baseline 0.007 -13"><span class='ocrx_word' id='word_1_1' title='bbox 815 248 1096 288; x_wconf 44' lang='lat'>*57—</span> 
     </span>
    </p>
   </div>
   <div class='ocr_carea' id='block_1_2' title="bbox 163 369 1746 2956">
    <p class='ocr_par' dir='ltr' id='par_1_2' title="bbox 166 369 1746 1599">
     <span class='ocr_line' id='line_1_2' title="bbox 171 369 1744 429; baseline 0.001 -17"><span class='ocrx_word' id='word_1_2' title='bbox 171 369 352 423; x_wconf 57' lang='lat' dir='ltr'>dierat).</span> <span class='ocrx_word' id='word_1_3' title='bbox 384 372 465 413; x_wconf 90' lang='lat' dir='ltr'>His</span> <span class='ocrx_word' id='word_1_4' title='bbox 487 372 595 413; x_wconf 83' lang='lat' dir='ltr'>locis</span> <span class='ocrx_word' id='word_1_5' title='bbox 620 386 766 413; x_wconf 90' lang='lat' dir='ltr'>omnes</span> <span class='ocrx_word' id='word_1_6' title='bbox 798 372 887 414; x_wconf 86' lang='lat' dir='ltr'>fere</span> <span class='ocrx_word' id='word_1_7' title='bbox 919 372 1104 414; x_wconf 83' lang='lat' dir='ltr'><strong>editores</strong></span> <span class='ocrx_word' id='word_1_8' title='bbox 1128 375 1414 420; x_wconf 84' lang='lat' dir='ltr'>consentiunt,</span> <span class='ocrx_word' id='word_1_9' title='bbox 1449 389 1588 429; x_wconf 85' lang='lat' dir='ltr'>neque</span> <span class='ocrx_word' id='word_1_10' title='bbox 1611 389 1744 429; x_wconf 91' lang='lat' dir='ltr'>quon-</span> 
     </span>
     <span class='ocr_line' id='line_1_3' title="bbox 172 443 1744 489; baseline 0.003 -4"><span class='ocrx_word' id='word_1_11' title='bbox 172 446 259 486; x_wconf 87' lang='lat' dir='ltr'>iam</span> <span class='ocrx_word' id='word_1_12' title='bbox 290 445 460 487; x_wconf 86' lang='lat' dir='ltr'>Phorm.</span> <span class='ocrx_word' id='word_1_13' title='bbox 494 444 600 486; x_wconf 70' lang='grc'>6523</span> <span class='ocrx_word' id='word_1_14' title='bbox 646 443 766 486; x_wconf 60' lang='lat' dir='ltr'>“nam</span> <span class='ocrx_word' id='word_1_15' title='bbox 796 446 898 487; x_wconf 84' lang='lat' dir='ltr'>mihi</span> <span class='ocrx_word' id='word_1_16' title='bbox 944 447 1121 487; x_wconf 77' lang='lat' dir='ltr'>venibat</span> <span class='ocrx_word' id='word_1_17' title='bbox 1166 448 1209 487; x_wconf 88' lang='lat' dir='ltr'>in</span> <span class='ocrx_word' id='word_1_18' title='bbox 1241 455 1429 489; x_wconf 83' lang='lat' dir='ltr'>mentem</span> <span class='ocrx_word' id='word_1_19' title='bbox 1462 450 1553 489; x_wconf 86' lang='lat' dir='ltr'>eius</span> <span class='ocrx_word' id='word_1_20' title='bbox 1584 449 1744 489; x_wconf 79' lang='grc'>11100111-</span> 
     </span>
     <span class='ocr_line' id='line_1_4' title="bbox 171 517 1742 573; baseline 0.003 -14"><span class='ocrx_word' id='word_1_21' title='bbox 171 517 355 561; x_wconf 86' lang='lat' dir='ltr'>modum&#39;</span> <span class='ocrx_word' id='word_1_22' title='bbox 382 520 657 573; x_wconf 86' lang='lat' dir='ltr'>scripserunt,</span> <span class='ocrx_word' id='word_1_23' title='bbox 689 519 777 560; x_wconf 88' lang='lat' dir='ltr'>ulla</span> <span class='ocrx_word' id='word_1_24' title='bbox 796 527 887 560; x_wconf 86' lang='lat' dir='ltr'>erat</span> <span class='ocrx_word' id='word_1_25' title='bbox 912 534 1045 561; x_wconf 85' lang='lat' dir='ltr'>causa</span> <span class='ocrx_word' id='word_1_26' title='bbox 1066 521 1310 562; x_wconf 85' lang='lat' dir='ltr'>reiciendae</span> <span class='ocrx_word' id='word_1_27' title='bbox 1336 522 1500 563; x_wconf 90' lang='lat' dir='ltr'>formae</span> <span class='ocrx_word' id='word_1_28' title='bbox 1517 521 1742 563; x_wconf 81' lang='lat' dir='ltr'>Hec.178:</span> 
     </span>
     <span class='ocr_line' id='line_1_5' title="bbox 166 591 1742 637; baseline 0.002 -3"><span class='ocrx_word' id='word_1_29' title='bbox 166 591 292 634; x_wconf 61' lang='lat' dir='ltr'>rbene</span> <span class='ocrx_word' id='word_1_30' title='bbox 339 591 598 634; x_wconf 81' lang='lat' dir='ltr'>convenibat</span> <span class='ocrx_word' id='word_1_31' title='bbox 644 594 746 633; x_wconf 67' lang='lat' dir='ltr'>sane</span> <span class='ocrx_word' id='word_1_32' title='bbox 791 594 903 634; x_wconf 85' lang='lat' dir='ltr'>inter</span> <span class='ocrx_word' id='word_1_33' title='bbox 934 607 1020 634; x_wconf 89' lang='lat' dir='ltr'>eas.</span> <span class='ocrx_word' id='word_1_34' title='bbox 1060 592 1253 634; x_wconf 56' lang='lat' dir='ltr'>interim?</span> <span class='ocrx_word' id='word_1_35' title='bbox 1290 595 1439 636; x_wconf 80' lang='lat' dir='ltr'>Altero</span> <span class='ocrx_word' id='word_1_36' title='bbox 1473 602 1616 636; x_wconf 84' lang='lat' dir='ltr'>autem</span> <span class='ocrx_word' id='word_1_37' title='bbox 1646 595 1742 637; x_wconf 89' lang='lat' dir='ltr'>loco</span> 
     </span>
     <span class='ocr_line' id='line_1_6' title="bbox 174 664 1743 722; baseline 0.002 -15"><span class='ocrx_word' id='word_1_38' title='bbox 174 667 325 712; x_wconf 66' lang='lat' dir='ltr'>(Andr.</span> <span class='ocrx_word' id='word_1_39' title='bbox 358 664 427 715; x_wconf 72' lang='grc'>90)</span> <span class='ocrx_word' id='word_1_40' title='bbox 476 666 592 707; x_wconf 82' lang='lat' dir='ltr'>haud</span> <span class='ocrx_word' id='word_1_41' title='bbox 639 668 726 707; x_wconf 82' lang='lat' dir='ltr'>scio</span> <span class='ocrx_word' id='word_1_42' title='bbox 775 682 829 707; x_wconf 90' lang='lat' dir='ltr'>an</span> <span class='ocrx_word' id='word_1_43' title='bbox 875 668 965 708; x_wconf 91' lang='lat' dir='ltr'>iure</span> <span class='ocrx_word' id='word_1_44' title='bbox 1014 682 1089 707; x_wconf 87' lang='lat' dir='ltr'>suo</span> <span class='ocrx_word' id='word_1_45' title='bbox 1133 668 1315 708; x_wconf 80' lang='lat' dir='ltr'>formam</span> <span class='ocrx_word' id='word_1_46' title='bbox 1348 669 1571 722; x_wconf 79' lang='lat' dir='ltr'>volgarem</span> <span class='ocrx_word' id='word_1_47' title='bbox 1603 684 1743 710; x_wconf 82' lang='lat' dir='ltr'>serva-</span> 
     </span>
     <span class='ocr_line' id='line_1_7' title="bbox 170 738 1746 797; baseline 0.003 -18"><span class='ocrx_word' id='word_1_48' title='bbox 170 741 328 781; x_wconf 86' lang='lat' dir='ltr'>verint:</span> <span class='ocrx_word' id='word_1_49' title='bbox 356 738 690 795; x_wconf 61' lang='lat' dir='ltr'>“quaere&#39;bam2</span> <span class='ocrx_word' id='word_1_50' title='bbox 725 741 1079 795; x_wconf 76' lang='lat' dir='ltr'>comperiebam</span> <span class='ocrx_word' id='word_1_51' title='bbox 1110 742 1215 782; x_wconf 90' lang='lat' dir='ltr'>nihil</span> <span class='ocrx_word' id='word_1_52' title='bbox 1247 742 1302 782; x_wconf 85' lang='lat' dir='ltr'>ad</span> <span class='ocrx_word' id='word_1_53' title='bbox 1343 741 1640 797; x_wconf 69' lang='lat' dir='ltr'>Pamphilum&#39;,</span> <span class='ocrx_word' id='word_1_54' title='bbox 1671 742 1746 784; x_wconf 89' lang='lat' dir='ltr'>ubi</span> 
     </span>
     <span class='ocr_line' id='line_1_8' title="bbox 170 814 1743 870; baseline 0.002 -15"><span class='ocrx_word' id='word_1_55' title='bbox 170 829 297 867; x_wconf 79' lang='lat' dir='ltr'>aegre</span> <span class='ocrx_word' id='word_1_56' title='bbox 328 814 547 866; x_wconf 71' lang='lat' dir='ltr'>ferremus,</span> <span class='ocrx_word' id='word_1_57' title='bbox 602 816 635 855; x_wconf 88' lang='lat' dir='ltr'>si</span> <span class='ocrx_word' id='word_1_58' title='bbox 670 816 993 865; x_wconf 78' lang='grc' dir='ltr'>ὁμοιοτὲλευτον</span> <span class='ocrx_word' id='word_1_59' title='bbox 1032 816 1426 870; x_wconf 82' lang='lat' dir='ltr'>frequentissimum</span> <span class='ocrx_word' id='word_1_60' title='bbox 1465 816 1533 865; x_wconf 89' lang='lat' dir='ltr'>(cf.</span> <span class='ocrx_word' id='word_1_61' title='bbox 1566 816 1743 869; x_wconf 77' lang='lat' dir='ltr'>Hauler,</span> 
     </span>
     <span class='ocr_line' id='line_1_9' title="bbox 170 888 1744 946; baseline 0.001 -17"><span class='ocrx_word' id='word_1_62' title='bbox 170 889 429 929; x_wconf 78' lang='lat' dir='ltr'>Terentiana</span> <span class='ocrx_word' id='word_1_63' title='bbox 470 888 673 942; x_wconf 91' lang='lat' dir='ltr'>[Vindob.</span> <span class='ocrx_word' id='word_1_64' title='bbox 708 889 832 944; x_wconf 71' lang='lat'>1882]</span> <span class='ocrx_word' id='word_1_65' title='bbox 870 904 911 944; x_wconf 88' lang='lat' dir='ltr'>p.</span> <span class='ocrx_word' id='word_1_66' title='bbox 944 890 1014 940; x_wconf 75' lang='lat'>21)</span> <span class='ocrx_word' id='word_1_67' title='bbox 1052 890 1276 931; x_wconf 86' lang='lat' dir='ltr'>deleretur.</span> <span class='ocrx_word' id='word_1_68' title='bbox 1340 891 1467 932; x_wconf 85' lang='lat' dir='ltr'>Adde</span> <span class='ocrx_word' id='word_1_69' title='bbox 1515 891 1630 946; x_wconf 87' lang='lat' dir='ltr'>quod</span> <span class='ocrx_word' id='word_1_70' title='bbox 1676 890 1744 931; x_wconf 82' lang='lat' dir='ltr'>vel</span> 
     </span>
     <span class='ocr_line' id='line_1_10' title="bbox 167 962 1742 1018; baseline 0.001 -16"><span class='ocrx_word' id='word_1_71' title='bbox 167 970 302 1003; x_wconf 89' lang='lat' dir='ltr'>metro</span> <span class='ocrx_word' id='word_1_72' title='bbox 333 963 596 1017; x_wconf 79' lang='lat' dir='ltr'>efflagitatur</span> <span class='ocrx_word' id='word_1_73' title='bbox 617 965 789 1005; x_wconf 88' lang='lat' dir='ltr'>Phorm.</span> <span class='ocrx_word' id='word_1_74' title='bbox 813 964 890 1005; x_wconf 75' lang='lat'>83:</span> <span class='ocrx_word' id='word_1_75' title='bbox 918 962 988 1005; x_wconf 68' lang='lat' dir='ltr'>&#39;&#39;ca</span> <span class='ocrx_word' id='word_1_76' title='bbox 1012 964 1228 1006; x_wconf 73' lang='lat' dir='ltr'>serviebat</span> <span class='ocrx_word' id='word_1_77' title='bbox 1250 965 1396 1005; x_wconf 60' lang='lat' dir='ltr'>lenoni</span> <span class='ocrx_word' id='word_1_78' title='bbox 1426 962 1742 1018; x_wconf 76' lang='lat' dir='ltr'>impurissimo’,</span> 
     </span>
     <span class='ocr_line' id='line_1_11' title="bbox 172 1038 1743 1094; baseline 0.001 -18"><span class='ocrx_word' id='word_1_79' title='bbox 172 1052 298 1091; x_wconf 91' lang='lat' dir='ltr'>quem</span> <span class='ocrx_word' id='word_1_80' title='bbox 331 1038 502 1092; x_wconf 88' lang='lat' dir='ltr'>quidem</span> <span class='ocrx_word' id='word_1_81' title='bbox 547 1039 690 1079; x_wconf 89' lang='lat' dir='ltr'>locum</span> <span class='ocrx_word' id='word_1_82' title='bbox 733 1046 983 1094; x_wconf 88' lang='lat' dir='ltr'>corruptum</span> <span class='ocrx_word' id='word_1_83' title='bbox 1013 1054 1107 1080; x_wconf 91' lang='lat' dir='ltr'>esse</span> <span class='ocrx_word' id='word_1_84' title='bbox 1146 1040 1392 1094; x_wconf 87' lang='lat' dir='ltr'>suspicatur</span> <span class='ocrx_word' id='word_1_85' title='bbox 1422 1039 1642 1080; x_wconf 85' lang='lat' dir='ltr'>Usenerus</span> <span class='ocrx_word' id='word_1_86' title='bbox 1684 1038 1743 1079; x_wconf 92' lang='lat' dir='ltr'>la-</span> 
     </span>
     <span class='ocr_line' id='line_1_12' title="bbox 168 1113 1745 1168; baseline 0.001 -17"><span class='ocrx_word' id='word_1_87' title='bbox 168 1126 324 1151; x_wconf 82' lang='lat' dir='ltr'>cunam</span> <span class='ocrx_word' id='word_1_88' title='bbox 356 1120 454 1165; x_wconf 87' lang='lat' dir='ltr'>post</span> <span class='ocrx_word' id='word_1_89' title='bbox 487 1113 597 1153; x_wconf 89' lang='lat' dir='ltr'>hunc</span> <span class='ocrx_word' id='word_1_90' title='bbox 629 1128 801 1154; x_wconf 78' lang='lat' dir='ltr'>versum</span> <span class='ocrx_word' id='word_1_91' title='bbox 832 1113 1043 1165; x_wconf 88' lang='lat' dir='ltr'>indicans,</span> <span class='ocrx_word' id='word_1_92' title='bbox 1078 1113 1153 1154; x_wconf 92' lang='lat' dir='ltr'>sed</span> <span class='ocrx_word' id='word_1_93' title='bbox 1184 1114 1429 1154; x_wconf 85' lang='lat' dir='ltr'>necessario</span> <span class='ocrx_word' id='word_1_94' title='bbox 1469 1128 1557 1154; x_wconf 89' lang='lat' dir='ltr'>non</span> <span class='ocrx_word' id='word_1_95' title='bbox 1587 1113 1745 1168; x_wconf 86' lang='lat' dir='ltr'>requiri</span> 
     </span>
     <span class='ocr_line' id='line_1_13' title="bbox 167 1186 1744 1243; baseline 0.001 -16"><span class='ocrx_word' id='word_1_96' title='bbox 167 1201 231 1237; x_wconf 85' lang='lat' dir='ltr'>ea,</span> <span class='ocrx_word' id='word_1_97' title='bbox 265 1201 375 1243; x_wconf 86' lang='lat' dir='ltr'>quae</span> <span class='ocrx_word' id='word_1_98' title='bbox 408 1187 621 1228; x_wconf 82' lang='lat' dir='ltr'>excidisse</span> <span class='ocrx_word' id='word_1_99' title='bbox 653 1194 799 1227; x_wconf 85' lang='lat' dir='ltr'>censet</span> <span class='ocrx_word' id='word_1_100' title='bbox 822 1201 872 1227; x_wconf 90' lang='lat' dir='ltr'>ac</span> <span class='ocrx_word' id='word_1_101' title='bbox 906 1188 940 1227; x_wconf 93' lang='lat' dir='ltr'>si</span> <span class='ocrx_word' id='word_1_102' title='bbox 971 1186 1214 1241; x_wconf 82' lang='lat' dir='ltr'>legerentur</span> <span class='ocrx_word' id='word_1_103' title='bbox 1244 1189 1287 1227; x_wconf 89' lang='lat' dir='ltr'>in</span> <span class='ocrx_word' id='word_1_104' title='bbox 1310 1187 1541 1228; x_wconf 79' lang='lat' dir='ltr'>codicibus</span> <span class='ocrx_word' id='word_1_105' title='bbox 1573 1202 1618 1228; x_wconf 92' lang='lat' dir='ltr'>re</span> <span class='ocrx_word' id='word_1_106' title='bbox 1640 1202 1744 1228; x_wconf 78' lang='lat' dir='ltr'>vera</span> 
     </span>
     <span class='ocr_line' id='line_1_14' title="bbox 169 1260 1743 1315; baseline -0.001 -13"><span class='ocrx_word' id='word_1_107' title='bbox 169 1263 342 1303; x_wconf 88' lang='lat' dir='ltr'>minime</span> <span class='ocrx_word' id='word_1_108' title='bbox 374 1261 649 1314; x_wconf 84' lang='lat' dir='ltr'>offenderent,</span> <span class='ocrx_word' id='word_1_109' title='bbox 696 1261 788 1315; x_wconf 88' lang='lat' dir='ltr'>ipse</span> <span class='ocrx_word' id='word_1_110' title='bbox 837 1262 990 1315; x_wconf 90' lang='lat' dir='ltr'>opinor</span> <span class='ocrx_word' id='word_1_111' title='bbox 1019 1262 1085 1302; x_wconf 77' lang='lat' dir='ltr'>vir</span> <span class='ocrx_word' id='word_1_112' title='bbox 1127 1261 1403 1302; x_wconf 87' lang='lat' dir='ltr'>doctissimus</span> <span class='ocrx_word' id='word_1_113' title='bbox 1435 1276 1522 1302; x_wconf 91' lang='lat' dir='ltr'>non</span> <span class='ocrx_word' id='word_1_114' title='bbox 1553 1260 1743 1315; x_wconf 83' lang='lat' dir='ltr'>negabit.</span> 
     </span>
     <span class='ocr_line' id='line_1_15' title="bbox 166 1335 1742 1393; baseline -0.001 -16"><span class='ocrx_word' id='word_1_115' title='bbox 166 1336 316 1390; x_wconf 76' lang='lat' dir='ltr'>Neque</span> <span class='ocrx_word' id='word_1_116' title='bbox 347 1335 471 1376; x_wconf 87' lang='lat' dir='ltr'>video</span> <span class='ocrx_word' id='word_1_117' title='bbox 505 1350 582 1375; x_wconf 89' lang='lat' dir='ltr'>cur</span> <span class='ocrx_word' id='word_1_118' title='bbox 612 1349 700 1376; x_wconf 89' lang='lat' dir='ltr'>non</span> <span class='ocrx_word' id='word_1_119' title='bbox 732 1350 783 1376; x_wconf 90' lang='lat' dir='ltr'>ea</span> <span class='ocrx_word' id='word_1_120' title='bbox 814 1335 953 1376; x_wconf 85' lang='lat' dir='ltr'>forma</span> <span class='ocrx_word' id='word_1_121' title='bbox 976 1335 1226 1376; x_wconf 85' lang='lat' dir='ltr'>Terentium</span> <span class='ocrx_word' id='word_1_122' title='bbox 1246 1350 1371 1376; x_wconf 88' lang='lat' dir='ltr'>usum</span> <span class='ocrx_word' id='word_1_123' title='bbox 1402 1350 1497 1376; x_wconf 87' lang='lat' dir='ltr'>esse</span> <span class='ocrx_word' id='word_1_124' title='bbox 1529 1341 1742 1393; x_wconf 62' lang='lat' dir='ltr'>putemus,</span> 
     </span>
     <span class='ocr_line' id='line_1_16' title="bbox 167 1408 1744 1465; baseline -0.001 -16"><span class='ocrx_word' id='word_1_125' title='bbox 167 1425 297 1465; x_wconf 88' lang='lat' dir='ltr'>quam</span> <span class='ocrx_word' id='word_1_126' title='bbox 328 1410 505 1450; x_wconf 87' lang='lat' dir='ltr'>Plautus</span> <span class='ocrx_word' id='word_1_127' title='bbox 537 1411 622 1450; x_wconf 85' lang='lat' dir='ltr'>iam</span> <span class='ocrx_word' id='word_1_128' title='bbox 652 1410 774 1450; x_wconf 89' lang='lat' dir='ltr'>novit</span> <span class='ocrx_word' id='word_1_129' title='bbox 804 1416 933 1463; x_wconf 84' lang='lat' dir='ltr'>atque</span> <span class='ocrx_word' id='word_1_130' title='bbox 965 1408 1171 1450; x_wconf 84' lang='lat' dir='ltr'>adhibuit.</span> <span class='ocrx_word' id='word_1_131' title='bbox 1214 1408 1380 1460; x_wconf 81' lang='lat' dir='ltr'>Quodsi</span> <span class='ocrx_word' id='word_1_132' title='bbox 1413 1423 1466 1449; x_wconf 88' lang='lat' dir='ltr'>ea</span> <span class='ocrx_word' id='word_1_133' title='bbox 1496 1423 1593 1449; x_wconf 85' lang='lat' dir='ltr'>raro</span> <span class='ocrx_word' id='word_1_134' title='bbox 1628 1408 1744 1463; x_wconf 86' lang='lat' dir='ltr'>apud</span> 
     </span>
     <span class='ocr_line' id='line_1_17' title="bbox 170 1482 1745 1538; baseline -0.001 -13"><span class='ocrx_word' id='word_1_135' title='bbox 170 1485 392 1525; x_wconf 85' lang='lat' dir='ltr'>scaenicos</span> <span class='ocrx_word' id='word_1_136' title='bbox 438 1485 671 1538; x_wconf 87' lang='lat' dir='ltr'>reperitur,</span> <span class='ocrx_word' id='word_1_137' title='bbox 713 1483 757 1524; x_wconf 91' lang='lat' dir='ltr'>id</span> <span class='ocrx_word' id='word_1_138' title='bbox 787 1490 923 1524; x_wconf 88' lang='lat' dir='ltr'>metro</span> <span class='ocrx_word' id='word_1_139' title='bbox 968 1483 1225 1537; x_wconf 78' lang='lat' dir='ltr'>explicatur,</span> <span class='ocrx_word' id='word_1_140' title='bbox 1257 1490 1304 1524; x_wconf 87' lang='lat' dir='ltr'>ut</span> <span class='ocrx_word' id='word_1_141' title='bbox 1335 1482 1527 1538; x_wconf 89' lang='lat' dir='ltr'>plerique</span> <span class='ocrx_word' id='word_1_142' title='bbox 1558 1482 1642 1523; x_wconf 92' lang='lat' dir='ltr'>loci</span> <span class='ocrx_word' id='word_1_143' title='bbox 1664 1483 1745 1523; x_wconf 90' lang='lat' dir='ltr'>Te-</span> 
     </span>
     <span class='ocr_line' id='line_1_18' title="bbox 169 1558 557 1599; baseline -0.003 0"><span class='ocrx_word' id='word_1_144' title='bbox 169 1559 352 1599; x_wconf 87' lang='lat' dir='ltr'>rentiani</span> <span class='ocrx_word' id='word_1_145' title='bbox 384 1558 557 1599; x_wconf 86' lang='lat' dir='ltr'>docent.</span> 
     </span>
    </p>

    <p class='ocr_par' dir='ltr' id='par_1_3' title="bbox 163 1629 1744 2722">
     <span class='ocr_line' id='line_1_19' title="bbox 304 1629 1744 1687; baseline 0 -14"><span class='ocrx_word' id='word_1_146' title='bbox 304 1632 539 1686; x_wconf 86' lang='lat' dir='ltr'>Praecepto</span> <span class='ocrx_word' id='word_1_147' title='bbox 572 1632 634 1672; x_wconf 90' lang='lat' dir='ltr'>illi</span> <span class='ocrx_word' id='word_1_148' title='bbox 664 1631 919 1673; x_wconf 86' lang='lat' dir='ltr'>Bentleiano</span> <span class='ocrx_word' id='word_1_149' title='bbox 953 1631 1005 1672; x_wconf 89' lang='lat' dir='ltr'>de</span> <span class='ocrx_word' id='word_1_150' title='bbox 1037 1630 1169 1672; x_wconf 80' lang='lat' dir='ltr'>verbo</span> <span class='ocrx_word' id='word_1_151' title='bbox 1197 1629 1296 1672; x_wconf 64' lang='lat' dir='ltr'>⁹aio&#39;</span> <span class='ocrx_word' id='word_1_152' title='bbox 1331 1631 1375 1672; x_wconf 86' lang='lat' dir='ltr'>hi</span> <span class='ocrx_word' id='word_1_153' title='bbox 1421 1646 1571 1673; x_wconf 88' lang='lat' dir='ltr'>versus</span> <span class='ocrx_word' id='word_1_154' title='bbox 1621 1647 1744 1687; x_wconf 88' lang='lat' dir='ltr'>repu-</span> 
     </span>
     <span class='ocr_line' id='line_1_20' title="bbox 166 1703 1743 1761; baseline 0 -14"><span class='ocrx_word' id='word_1_155' title='bbox 166 1713 322 1760; x_wconf 88' lang='lat' dir='ltr'>gnant:</span> <span class='ocrx_word' id='word_1_156' title='bbox 373 1706 508 1747; x_wconf 87' lang='lat' dir='ltr'>Andr.</span> <span class='ocrx_word' id='word_1_157' title='bbox 545 1704 647 1746; x_wconf 76' lang='grc' dir='ltr'>93οε</span> <span class='ocrx_word' id='word_1_158' title='bbox 675 1703 1005 1747; x_wconf 68' lang='grc' dir='ltr'>ΓΒ]1ε1111111’15111111</span> <span class='ocrx_word' id='word_1_159' title='bbox 1046 1721 1089 1746; x_wconf 92' lang='lat' dir='ltr'>se</span> <span class='ocrx_word' id='word_1_160' title='bbox 1122 1705 1266 1747; x_wconf 82' lang='lat' dir='ltr'>aiebat</span> <span class='ocrx_word' id='word_1_161' title='bbox 1296 1720 1404 1747; x_wconf 87' lang='lat' dir='ltr'>esse.</span> <span class='ocrx_word' id='word_1_162' title='bbox 1467 1704 1505 1747; x_wconf 91' lang='lat' dir='ltr'>O</span> <span class='ocrx_word' id='word_1_163' title='bbox 1536 1706 1743 1761; x_wconf 73' lang='lat' dir='ltr'>Iuppiter.</span> 
     </span>
     <span class='ocr_line' id='line_1_21' title="bbox 166 1774 1742 1840; baseline 0 -13"><span class='ocrx_word' id='word_1_164' title='bbox 166 1785 334 1827; x_wconf 86' lang='lat' dir='ltr'>Eadem</span> <span class='ocrx_word' id='word_1_165' title='bbox 364 1786 486 1839; x_wconf 79' lang='lat' dir='ltr'>haec,</span> <span class='ocrx_word' id='word_1_166' title='bbox 520 1782 750 1838; x_wconf 80' lang='lat' dir='ltr'>Chremes&#39;,</span> <span class='ocrx_word' id='word_1_167' title='bbox 783 1785 856 1827; x_wconf 91' lang='lat' dir='ltr'>ubi</span> <span class='ocrx_word' id='word_1_168' title='bbox 882 1783 1019 1827; x_wconf 68' lang='lat' dir='ltr'>‘sese&#39;</span> <span class='ocrx_word' id='word_1_169' title='bbox 1043 1785 1198 1838; x_wconf 64' lang='lat' dir='ltr'>Bentl„</span> <span class='ocrx_word' id='word_1_170' title='bbox 1235 1792 1282 1826; x_wconf 85' lang='lat' dir='ltr'>ut</span> <span class='ocrx_word' id='word_1_171' title='bbox 1306 1774 1454 1827; x_wconf 70' lang='lat' dir='ltr'>‘aibat&#39;</span> <span class='ocrx_word' id='word_1_172' title='bbox 1508 1786 1742 1840; x_wconf 83' lang='lat' dir='ltr'>legeretur3</span> 
     </span>
     <span class='ocr_line' id='line_1_22' title="bbox 166 1857 1742 1914; baseline 0.001 -14"><span class='ocrx_word' id='word_1_173' title='bbox 166 1860 298 1900; x_wconf 85' lang='lat' dir='ltr'>Haut.</span> <span class='ocrx_word' id='word_1_174' title='bbox 331 1858 434 1899; x_wconf 73' lang='lat'>924:</span> <span class='ocrx_word' id='word_1_175' title='bbox 476 1857 598 1914; x_wconf 35' lang='lat' dir='ltr'>rquid</span> <span class='ocrx_word' id='word_1_176' title='bbox 628 1859 820 1900; x_wconf 77' lang='lat' dir='ltr'>faciam?</span> <span class='ocrx_word' id='word_1_177' title='bbox 866 1859 917 1900; x_wconf 90' lang='lat' dir='ltr'>Id</span> <span class='ocrx_word' id='word_1_178' title='bbox 949 1859 1066 1914; x_wconf 90' lang='lat' dir='ltr'>quod</span> <span class='ocrx_word' id='word_1_179' title='bbox 1095 1874 1162 1900; x_wconf 88' lang='lat' dir='ltr'>me</span> <span class='ocrx_word' id='word_1_180' title='bbox 1193 1860 1349 1901; x_wconf 79' lang='lat' dir='ltr'>fecisse</span> <span class='ocrx_word' id='word_1_181' title='bbox 1383 1859 1530 1901; x_wconf 80' lang='lat' dir='ltr'>aiebas</span> <span class='ocrx_word' id='word_1_182' title='bbox 1562 1859 1742 1914; x_wconf 70' lang='lat' dir='ltr'>parum&#39;,</span> 
     </span>
     <span class='ocr_line' id='line_1_23' title="bbox 165 1931 1744 1989; baseline 0.001 -14"><span class='ocrx_word' id='word_1_183' title='bbox 165 1933 239 1975; x_wconf 89' lang='lat' dir='ltr'>ubi</span> <span class='ocrx_word' id='word_1_184' title='bbox 286 1935 320 1975; x_wconf 90' lang='lat' dir='ltr'>si</span> <span class='ocrx_word' id='word_1_185' title='bbox 369 1948 466 1974; x_wconf 91' lang='lat' dir='ltr'>cum</span> <span class='ocrx_word' id='word_1_186' title='bbox 497 1933 693 1975; x_wconf 88' lang='lat' dir='ltr'>Usenero</span> <span class='ocrx_word' id='word_1_187' title='bbox 725 1933 891 1975; x_wconf 87' lang='lat' dir='ltr'>hiatum</span> <span class='ocrx_word' id='word_1_188' title='bbox 926 1932 1123 1985; x_wconf 58' lang='lat' dir='ltr'>(faciam</span> <span class='ocrx_word' id='word_1_189' title='bbox 1153 1931 1226 1983; x_wconf 82' lang='lat' dir='ltr'>id&#39;)</span> <span class='ocrx_word' id='word_1_190' title='bbox 1260 1933 1376 1989; x_wconf 86' lang='lat' dir='ltr'>quod</span> <span class='ocrx_word' id='word_1_191' title='bbox 1411 1948 1526 1974; x_wconf 91' lang='lat' dir='ltr'>nova</span> <span class='ocrx_word' id='word_1_192' title='bbox 1556 1948 1744 1988; x_wconf 86' lang='lat' dir='ltr'>persona</span> 
     </span>
     <span class='ocr_line' id='line_1_24' title="bbox 163 2006 1743 2063; baseline 0.001 -15"><span class='ocrx_word' id='word_1_193' title='bbox 163 2008 282 2062; x_wconf 89' lang='lat' dir='ltr'>loqui</span> <span class='ocrx_word' id='word_1_194' title='bbox 313 2008 505 2062; x_wconf 82' lang='lat' dir='ltr'>incipiat,</span> <span class='ocrx_word' id='word_1_195' title='bbox 538 2007 777 2061; x_wconf 85' lang='lat' dir='ltr'>legitimum</span> <span class='ocrx_word' id='word_1_196' title='bbox 809 2008 1050 2061; x_wconf 84' lang='lat' dir='ltr'>statuimus,</span> <span class='ocrx_word' id='word_1_197' title='bbox 1083 2007 1193 2049; x_wconf 90' lang='lat' dir='ltr'>bene</span> <span class='ocrx_word' id='word_1_198' title='bbox 1226 2006 1410 2062; x_wconf 81' lang='lat' dir='ltr'>quadrat</span> <span class='ocrx_word' id='word_1_199' title='bbox 1440 2006 1581 2049; x_wconf 88' lang='lat' dir='ltr'>forma</span> <span class='ocrx_word' id='word_1_200' title='bbox 1612 2008 1743 2063; x_wconf 74' lang='lat' dir='ltr'>bisyl-</span> 
     </span>
     <span class='ocr_line' id='line_1_25' title="bbox 166 2079 1743 2137; baseline 0.001 -14"><span class='ocrx_word' id='word_1_201' title='bbox 166 2081 289 2133; x_wconf 78' lang='lat' dir='ltr'>laba3</span> <span class='ocrx_word' id='word_1_202' title='bbox 321 2081 364 2123; x_wconf 90' lang='lat' dir='ltr'>ib</span> <span class='ocrx_word' id='word_1_203' title='bbox 397 2080 502 2121; x_wconf 81' lang='lat'>960:</span> <span class='ocrx_word' id='word_1_204' title='bbox 530 2079 618 2123; x_wconf 44' lang='lat' dir='ltr'>fhic</span> <span class='ocrx_word' id='word_1_205' title='bbox 650 2089 818 2137; x_wconf 89' lang='lat' dir='ltr'>patrem</span> <span class='ocrx_word' id='word_1_206' title='bbox 849 2098 943 2123; x_wconf 91' lang='lat' dir='ltr'>esse</span> <span class='ocrx_word' id='word_1_207' title='bbox 975 2082 1138 2124; x_wconf 82' lang='lat' dir='ltr'>aiebas.</span> <span class='ocrx_word' id='word_1_208' title='bbox 1171 2082 1348 2123; x_wconf 84' lang='lat' dir='ltr'>Eccum.</span> <span class='ocrx_word' id='word_1_209' title='bbox 1382 2082 1497 2133; x_wconf 85' lang='lat' dir='ltr'>Quid</span> <span class='ocrx_word' id='word_1_210' title='bbox 1528 2097 1594 2123; x_wconf 90' lang='lat' dir='ltr'>me</span> <span class='ocrx_word' id='word_1_211' title='bbox 1626 2084 1743 2124; x_wconf 90' lang='lat' dir='ltr'>incu-</span> 
     </span>
     <span class='ocr_line' id='line_1_26' title="bbox 167 2151 1741 2215; baseline 0.001 -13"><span class='ocrx_word' id='word_1_212' title='bbox 167 2176 251 2214; x_wconf 86' lang='lat' dir='ltr'>sas,</span> <span class='ocrx_word' id='word_1_213' title='bbox 285 2159 500 2215; x_wconf 84' lang='lat' dir='ltr'>Ch&#39;tipho&#39;,</span> <span class='ocrx_word' id='word_1_214' title='bbox 549 2162 616 2203; x_wconf 90' lang='lat' dir='ltr'>cui</span> <span class='ocrx_word' id='word_1_215' title='bbox 655 2163 799 2203; x_wconf 84' lang='lat' dir='ltr'>versui</span> <span class='ocrx_word' id='word_1_216' title='bbox 844 2162 974 2203; x_wconf 88' lang='lat' dir='ltr'>facile</span> <span class='ocrx_word' id='word_1_217' title='bbox 1013 2162 1173 2203; x_wconf 87' lang='lat' dir='ltr'>inferas</span> <span class='ocrx_word' id='word_1_218' title='bbox 1204 2151 1371 2215; x_wconf 52' lang='lat' dir='ltr'>“aibass</span> <span class='ocrx_word' id='word_1_219' title='bbox 1427 2163 1461 2202; x_wconf 90' lang='lat' dir='ltr'>si</span> <span class='ocrx_word' id='word_1_220' title='bbox 1493 2176 1591 2202; x_wconf 92' lang='lat' dir='ltr'>cum</span> <span class='ocrx_word' id='word_1_221' title='bbox 1622 2162 1741 2204; x_wconf 87' lang='lat' dir='ltr'>libris</span> 
     </span>
     <span class='ocr_line' id='line_1_27' title="bbox 166 2234 1741 2291; baseline 0.001 -14"><span class='ocrx_word' id='word_1_222' title='bbox 166 2237 429 2278; x_wconf 84' lang='lat' dir='ltr'>recensionis</span> <span class='ocrx_word' id='word_1_223' title='bbox 452 2235 637 2291; x_wconf 85' lang='lat' dir='ltr'>Calliop.</span> <span class='ocrx_word' id='word_1_224' title='bbox 664 2234 837 2277; x_wconf 66' lang='lat' dir='ltr'>‘astare&#39;</span> <span class='ocrx_word' id='word_1_225' title='bbox 862 2251 939 2291; x_wconf 90' lang='lat' dir='ltr'>pro</span> <span class='ocrx_word' id='word_1_226' title='bbox 968 2234 1090 2277; x_wconf 66' lang='lat' dir='ltr'>¹&#39;esse&#39;</span> <span class='ocrx_word' id='word_1_227' title='bbox 1118 2235 1298 2277; x_wconf 86' lang='lat' dir='ltr'>scribas.</span> <span class='ocrx_word' id='word_1_228' title='bbox 1332 2236 1458 2288; x_wconf 82' lang='lat' dir='ltr'>Quae</span> <span class='ocrx_word' id='word_1_229' title='bbox 1479 2238 1741 2278; x_wconf 86' lang='lat' dir='ltr'>mutationes</span> 
     </span>
     <span class='ocr_line' id='line_1_28' title="bbox 168 2309 1741 2364; baseline 0.001 -13"><span class='ocrx_word' id='word_1_230' title='bbox 168 2325 271 2351; x_wconf 90' lang='lat' dir='ltr'>sane</span> <span class='ocrx_word' id='word_1_231' title='bbox 302 2309 418 2351; x_wconf 86' lang='lat' dir='ltr'>haud</span> <span class='ocrx_word' id='word_1_232' title='bbox 462 2324 618 2363; x_wconf 79' lang='lat' dir='ltr'>graves</span> <span class='ocrx_word' id='word_1_233' title='bbox 659 2312 693 2352; x_wconf 88' lang='lat' dir='ltr'>si</span> <span class='ocrx_word' id='word_1_234' title='bbox 731 2312 798 2352; x_wconf 86' lang='lat' dir='ltr'>cui</span> <span class='ocrx_word' id='word_1_235' title='bbox 831 2312 971 2351; x_wconf 86' lang='lat' dir='ltr'>iustae</span> <span class='ocrx_word' id='word_1_236' title='bbox 1001 2310 1243 2364; x_wconf 86' lang='lat' dir='ltr'>videantur,</span> <span class='ocrx_word' id='word_1_237' title='bbox 1290 2313 1326 2352; x_wconf 89' lang='lat' dir='ltr'>is</span> <span class='ocrx_word' id='word_1_238' title='bbox 1359 2310 1555 2352; x_wconf 88' lang='lat' dir='ltr'>Bentleio</span> <span class='ocrx_word' id='word_1_239' title='bbox 1589 2310 1741 2352; x_wconf 88' lang='lat' dir='ltr'>adsen-</span> 
     </span>
     <span class='ocr_line' id='line_1_29' title="bbox 168 2383 1742 2440; baseline 0.001 -16"><span class='ocrx_word' id='word_1_240' title='bbox 168 2385 299 2424; x_wconf 84' lang='lat' dir='ltr'>tiatur</span> <span class='ocrx_word' id='word_1_241' title='bbox 338 2398 415 2439; x_wconf 91' lang='lat' dir='ltr'>per</span> <span class='ocrx_word' id='word_1_242' title='bbox 451 2398 519 2424; x_wconf 88' lang='lat' dir='ltr'>me</span> <span class='ocrx_word' id='word_1_243' title='bbox 550 2383 663 2437; x_wconf 88' lang='lat' dir='ltr'>licet,</span> <span class='ocrx_word' id='word_1_244' title='bbox 704 2399 966 2440; x_wconf 88' lang='lat' dir='ltr'>quamquam</span> <span class='ocrx_word' id='word_1_245' title='bbox 996 2384 1192 2425; x_wconf 88' lang='lat' dir='ltr'>mutandi</span> <span class='ocrx_word' id='word_1_246' title='bbox 1221 2385 1526 2426; x_wconf 88' lang='lat' dir='ltr'>necessitatem</span> <span class='ocrx_word' id='word_1_247' title='bbox 1556 2399 1623 2426; x_wconf 92' lang='lat' dir='ltr'>me</span> <span class='ocrx_word' id='word_1_248' title='bbox 1654 2399 1742 2425; x_wconf 90' lang='lat' dir='ltr'>non</span> 
     </span>
     <span class='ocr_line' id='line_1_30' title="bbox 167 2457 1742 2510; baseline 0.001 -12"><span class='ocrx_word' id='word_1_249' title='bbox 167 2458 314 2499; x_wconf 84' lang='lat' dir='ltr'>videre</span> <span class='ocrx_word' id='word_1_250' title='bbox 360 2458 543 2510; x_wconf 78' lang='lat' dir='ltr'>ingenue</span> <span class='ocrx_word' id='word_1_251' title='bbox 583 2458 724 2500; x_wconf 87' lang='lat' dir='ltr'>fateor</span> <span class='ocrx_word' id='word_1_252' title='bbox 759 2459 830 2510; x_wconf 87' lang='lat' dir='ltr'>(cf.</span> <span class='ocrx_word' id='word_1_253' title='bbox 862 2459 1073 2500; x_wconf 84' lang='lat' dir='ltr'>Meissner</span> <span class='ocrx_word' id='word_1_254' title='bbox 1105 2458 1161 2500; x_wconf 87' lang='lat' dir='ltr'>ad</span> <span class='ocrx_word' id='word_1_255' title='bbox 1192 2458 1328 2500; x_wconf 85' lang='lat' dir='ltr'>Andr.</span> <span class='ocrx_word' id='word_1_256' title='bbox 1360 2457 1478 2510; x_wconf 82' lang='lat'>930).</span> <span class='ocrx_word' id='word_1_257' title='bbox 1540 2457 1742 2499; x_wconf 85' lang='lat' dir='ltr'>Ceterum</span> 
     </span>
     <span class='ocr_line' id='line_1_31' title="bbox 168 2531 1740 2588; baseline 0 -15"><span class='ocrx_word' id='word_1_258' title='bbox 168 2531 251 2573; x_wconf 89' lang='lat' dir='ltr'>hoc</span> <span class='ocrx_word' id='word_1_259' title='bbox 282 2532 378 2573; x_wconf 91' lang='grc'>1000</span> <span class='ocrx_word' id='word_1_260' title='bbox 411 2538 605 2587; x_wconf 86' lang='lat' dir='ltr'>repetere</span> <span class='ocrx_word' id='word_1_261' title='bbox 636 2532 738 2573; x_wconf 89' lang='lat' dir='ltr'>mihi</span> <span class='ocrx_word' id='word_1_262' title='bbox 768 2532 898 2574; x_wconf 87' lang='lat' dir='ltr'>liceat</span> <span class='ocrx_word' id='word_1_263' title='bbox 922 2533 1105 2575; x_wconf 90' lang='lat' dir='ltr'>Useneri</span> <span class='ocrx_word' id='word_1_264' title='bbox 1139 2532 1500 2583; x_wconf 85' lang='lat' dir='ltr'>observationem,</span> <span class='ocrx_word' id='word_1_265' title='bbox 1548 2534 1619 2588; x_wconf 87' lang='lat' dir='ltr'>qui</span> <span class='ocrx_word' id='word_1_266' title='bbox 1659 2531 1740 2573; x_wconf 83' lang='lat' dir='ltr'>Ca-</span> 
     </span>
     <span class='ocr_line' id='line_1_32' title="bbox 166 2605 1740 2662; baseline 0 -15"><span class='ocrx_word' id='word_1_267' title='bbox 166 2606 317 2648; x_wconf 83' lang='lat' dir='ltr'>tullum</span> <span class='ocrx_word' id='word_1_268' title='bbox 349 2606 512 2647; x_wconf 87' lang='lat' dir='ltr'>formas</span> <span class='ocrx_word' id='word_1_269' title='bbox 542 2605 743 2659; x_wconf 86' lang='lat' dir='ltr'>volgares</span> <span class='ocrx_word' id='word_1_270' title='bbox 775 2622 1001 2662; x_wconf 86' lang='lat' dir='ltr'>nusquam,</span> <span class='ocrx_word' id='word_1_271' title='bbox 1049 2613 1114 2648; x_wconf 90' lang='lat' dir='ltr'>ter</span> <span class='ocrx_word' id='word_1_272' title='bbox 1144 2607 1307 2648; x_wconf 86' lang='lat' dir='ltr'>formas</span> <span class='ocrx_word' id='word_1_273' title='bbox 1340 2613 1589 2648; x_wconf 87' lang='lat' dir='ltr'>contractas</span> <span class='ocrx_word' id='word_1_274' title='bbox 1621 2606 1740 2649; x_wconf 83' lang='lat' dir='ltr'>adhi-</span> 
     </span>
     <span class='ocr_line' id='line_1_33' title="bbox 167 2680 509 2722; baseline -0.006 -1"><span class='ocrx_word' id='word_1_275' title='bbox 167 2680 313 2722; x_wconf 90' lang='lat' dir='ltr'>buisse</span> <span class='ocrx_word' id='word_1_276' title='bbox 351 2680 509 2722; x_wconf 88' lang='lat' dir='ltr'>docuit.</span> 
     </span>
    </p>

    <p class='ocr_par' dir='ltr' id='par_1_4' title="bbox 170 2754 1738 2956">
     <span class='ocr_line' id='line_1_34' title="bbox 304 2754 1736 2809; baseline 0 -15"><span class='ocrx_word' id='word_1_277' title='bbox 304 2754 342 2794; x_wconf 85' lang='lat'>6.</span> <span class='ocrx_word' id='word_1_278' title='bbox 375 2754 587 2806; x_wconf 88' lang='lat' dir='ltr'>Quartam</span> <span class='ocrx_word' id='word_1_279' title='bbox 618 2755 969 2809; x_wconf 85' lang='lat' dir='ltr'>coniugationem</span> <span class='ocrx_word' id='word_1_280' title='bbox 1000 2760 1233 2809; x_wconf 85' lang='lat' dir='ltr'>cognatam</span> <span class='ocrx_word' id='word_1_281' title='bbox 1263 2769 1360 2796; x_wconf 86' lang='lat' dir='ltr'>esse</span> <span class='ocrx_word' id='word_1_282' title='bbox 1393 2755 1557 2809; x_wconf 86' lang='lat' dir='ltr'>primae</span> <span class='ocrx_word' id='word_1_283' title='bbox 1588 2760 1630 2794; x_wconf 85' lang='lat' dir='ltr'>et</span> <span class='ocrx_word' id='word_1_284' title='bbox 1653 2768 1736 2795; x_wconf 91' lang='lat' dir='ltr'>sec.</span> 
     </span>
     <span class='ocr_line' id='line_1_35' title="bbox 172 2827 1735 2883; baseline -0.001 -15"><span class='ocrx_word' id='word_1_285' title='bbox 172 2828 388 2881; x_wconf 83' lang='lat' dir='ltr'>coniugat.</span> <span class='ocrx_word' id='word_1_286' title='bbox 413 2842 560 2869; x_wconf 89' lang='lat' dir='ltr'>omnes</span> <span class='ocrx_word' id='word_1_287' title='bbox 585 2829 736 2869; x_wconf 90' lang='lat' dir='ltr'>sciunt.</span> <span class='ocrx_word' id='word_1_288' title='bbox 771 2828 887 2879; x_wconf 85' lang='lat' dir='ltr'>Quid</span> <span class='ocrx_word' id='word_1_289' title='bbox 908 2829 1038 2882; x_wconf 87' lang='lat' dir='ltr'>igitur</span> <span class='ocrx_word' id='word_1_290' title='bbox 1058 2829 1213 2869; x_wconf 91' lang='lat' dir='ltr'>mirum</span> <span class='ocrx_word' id='word_1_291' title='bbox 1234 2828 1349 2883; x_wconf 89' lang='lat' dir='ltr'>quod</span> <span class='ocrx_word' id='word_1_292' title='bbox 1371 2828 1502 2869; x_wconf 84' lang='lat' dir='ltr'>futur.</span> <span class='ocrx_word' id='word_1_293' title='bbox 1535 2827 1599 2869; x_wconf 90' lang='lat' dir='ltr'>IV</span> <span class='ocrx_word' id='word_1_294' title='bbox 1624 2830 1735 2869; x_wconf 90' lang='lat' dir='ltr'>coni.</span> 
     </span>
     <span class='ocr_line' id='line_1_36' title="bbox 170 2900 1738 2956; baseline 0.002 -15"><span class='ocrx_word' id='word_1_295' title='bbox 170 2900 226 2942; x_wconf 90' lang='lat' dir='ltr'>ad</span> <span class='ocrx_word' id='word_1_296' title='bbox 250 2900 496 2956; x_wconf 86' lang='lat' dir='ltr'>analogiam</span> <span class='ocrx_word' id='word_1_297' title='bbox 518 2901 749 2943; x_wconf 82' lang='lat' dir='ltr'>verborum</span> <span class='ocrx_word' id='word_1_298' title='bbox 780 2902 801 2942; x_wconf 90' lang='lat' dir='ltr'>I</span> <span class='ocrx_word' id='word_1_299' title='bbox 822 2909 864 2943; x_wconf 91' lang='lat' dir='ltr'>et</span> <span class='ocrx_word' id='word_1_300' title='bbox 885 2902 928 2943; x_wconf 86' lang='lat' dir='ltr'>II</span> <span class='ocrx_word' id='word_1_301' title='bbox 950 2903 1061 2943; x_wconf 89' lang='lat' dir='ltr'>coni.</span> <span class='ocrx_word' id='word_1_302' title='bbox 1082 2901 1383 2943; x_wconf 76' lang='lat' dir='ltr'>formabatur?</span> <span class='ocrx_word' id='word_1_303' title='bbox 1416 2902 1539 2954; x_wconf 88' lang='lat' dir='ltr'>Quae</span> <span class='ocrx_word' id='word_1_304' title='bbox 1570 2902 1738 2944; x_wconf 89' lang='lat' dir='ltr'>formae</span> 
     </span>
    </p>
   </div>
  </div>
 </body>
</html>
