2100 3364
799 239 1080 279 ..61-

140 362 270 405 ‘dixe'
324 364 559 416 Bentleius,
613 378 739 418 quem
780 363 1027 418 Wagnerus
1080 371 1120 405 et
1160 363 1532 418 Umpfenba'chius
1585 364 1719 405 secuti

148 445 258 491 sunt,
292 438 464 492 scripsit
493 437 601 478 Hec.
633 436 739 477 845:
769 435 953 479 ¹'manea
1005 437 1076 479 Sic
1107 444 1148 479 te
1185 437 1283 479 dixe
1309 440 1471 492 opinor,
1505 439 1721 480 invenisse

147 510 440 567 My1·rhinam⁷,
487 511 560 552 ubi
592 511 917 553 Fleckeisenius
958 511 1044 553 leni
1088 527 1186 553 usus
1228 513 1567 566 transpositione
1608 513 1723 554 codi-

148 601 245 628 cum
275 595 316 628 et
346 586 509 628 Donati
540 585 767 626 lectionem
798 592 914 627 recte
947 586 1105 626 tenuit:
1145 583 1329 626 '‘maneo.
1371 585 1442 626 Sic
1484 592 1525 627 te
1566 588 1718 641 opinor

150 661 323 713 dixisse,
352 660 567 702 invenisse
584 657 886 715 Myrrhinam'3
919 658 1073 700 deinde
1089 657 1279 700 ‘dixisse’
1300 659 1456 713 legitur
1473 660 1603 702 Haut.
1622 660 1717 714 937,

148 734 242 788 942,
266 733 437 776 Phorm.
463 733 559 786 453,
585 732 680 786 953,
700 734 807 774 Hec.
841 732 937 774 451.
972 732 1075 774 Sine
1097 733 1186 774 ulla
1208 747 1343 775 causa
1373 733 1514 775 Bentl.
1549 736 1722 789 scripsit

149 808 259 849 Eun.
291 805 630 862 900‘perspexe'
666 822 743 862 pro
762 804 1082 862 ‘pe1·spexisse'.
1117 808 1226 848 Tum
1250 814 1423 849 exstant
1448 806 1718 850 ‘detraxisse'

147 881 251 922 Hec.
284 880 379 931 829,
408 879 679 935 ‘neglexisse'
713 881 976 933 Phor1n.54,
1021 879 1217 923 ‘misisse’
1244 882 1354 922 Eun.
1378 882 1474 929 585,
1492 881 1717 924 ¹'amisisse'

147 956 256 997 Eun.
299 955 392 1009 767,
424 953 680 997 ⁹admisisse’
716 955 798 996 Ad.
831 955 926 1008 682,
956 954 1252 997 ¹'commisisse'
1295 955 1421 997 Andr.
1457 955 1552 1010 609,
1589 955 1720 1000 ''com-

145 1028 363 1086 pressisse’
399 1031 507 1072 Hec.
541 1030 644 1083 8283
678 1030 933 1085 praevalent
958 1031 1089 1084 igitur
1120 1031 1285 1073 formae
1318 1031 1484 1085 plenae.

283 1122 348 1164 Ac
394 1123 630 1164 formarum
674 1137 751 1177 per
799 1137 1040 1177 syncopam
1093 1129 1283 1164 ortarum
1325 1125 1514 1165 omnium
1552 1124 1597 1166 id
1629 1140 1723 1166 esse

146 1198 366 1253 proprium
397 1198 514 1254 quod
545 1204 645 1239 ante
676 1198 1026 1239 terminationem
1059 1197 1231 1252 plenam
1260 1195 1373 1239 ⁹-isti’
1421 1199 1556 1250 (-isse)
1591 1204 1666 1240 aut
1698 1213 1717 1239 s

147 1278 221 1313 aut
251 1288 279 1313 x
310 1272 454 1314 littera
486 1278 642 1317 exstat,
693 1286 825 1326 supra
871 1273 957 1313 iam
998 1272 1185 1313 vidimus
1237 1274 1307 1325 (cf.
1342 1274 1471 1314 etiam
1502 1272 1633 1314 Klotz
1668 1274 1724 1315 ad

146 1346 280 1388 Andr.
317 1347 427 1398 151).
463 1346 584 1398 Quae
607 1361 704 1388 cum
735 1348 795 1387 ita
830 1348 928 1398 sint,
963 1361 1195 1401 perperam
1228 1347 1318 1388 sine
1351 1347 1482 1389 dubio
1516 1349 1603 1401 egit
1632 1347 1721 1389 Ko-

146 1421 268 1462 chius
294 1419 521 1477 >‘Synkope
558 1421 627 1463 bei
650 1421 829 1462 Plautus
862 1421 951 1462 und
974 1419 1214 1463 Terentius'
1249 1423 1292 1462 in
1314 1421 1530 1463 Fleckeis.
1563 1422 1727 1466 Annal.

146 1494 249 1536 CIII
285 1495 427 1547 (1871)
461 1495 543 1536 826
576 1510 682 1551 sqq„
716 1496 788 1551 qui
809 1495 922 1536 Eun.
956 1495 1063 1535 513:
1091 1493 1172 1536 ⁹ait
1202 1498 1292 1537 re'm
1324 1495 1516 1537 divinam
1546 1497 1646 1538 fexe
1673 1513 1717 1539 se

147 1576 187 1611 et
218 1585 307 1611 rem
341 1568 504 1612 seriam’
540 1571 736 1625 scripsit3
780 1577 824 1611 at
858 1571 902 1611 in
933 1569 974 1610 A
1005 1576 1122 1612 recte
1154 1571 1311 1625 legitur
1336 1569 1519 1613 “fecisse'
1565 1575 1724 1614 omisso

142 1642 229 1697 'se',
262 1659 400 1700 neque
433 1645 735 1686 offendendum
778 1660 872 1686 esse
912 1646 958 1686 in
991 1645 1184 1686 subiecto
1212 1643 1287 1687 ‘se'
1324 1647 1483 1688 omisso
1518 1648 1723 1688 sescentis

145 1719 252 1760 locis
285 1719 557 1774 comprobari
590 1725 747 1774 potest,
781 1719 835 1760 cf.
871 1720 1025 1760 Funck
1058 1717 1161 1761 'Die
1196 1719 1471 1775 Auslassung
1502 1721 1578 1762 des
1617 1721 1723 1763 Sub-

140 1793 517 1848 jectspronomens
549 1795 607 1834 im
637 1793 795 1834 Accus.
829 1808 865 1834 c.
898 1794 973 1836 inf.
1005 1793 1075 1835 bei
1110 1794 1193 1836 den
1223 1794 1370 1836 latein.
1393 1794 1642 1837 Komikern’
1677 1798 1722 1837 in

146 1867 297 1909 Fleck.
330 1867 443 1909 Ann.
477 1866 626 1909 CXXI
658 1867 803 1921 (1880)
838 1868 1075 1909 725—734.
1110 1869 1260 1925 Neque
1293 1869 1416 1910 aliter
1446 1870 1726 1911 iudicandum

148 1949 213 1983 cst
253 1942 304 1984 de
337 1943 506 1984 Phorm.
542 1943 621 1983 7213
647 1941 790 1996 ‘fexe',
839 1944 949 1985 Eun.
991 1943 1074 1984 463
1120 1941 1255 1985 ‘fexti’
1303 1944 1433 1994 (idem
1464 1945 1551 1985 iam
1580 1945 1722 1988 Bentl.

150 2019 386 2073 proposuit,
435 2018 511 2059 sed
550 2019 594 2058 in
641 2024 810 2060 textum
857 2020 1049 2073 recipere
1101 2034 1187 2060 non
1235 2033 1366 2060 ausus
1411 2019 1506 2071 est),
1552 2019 1608 2061 ib.
1644 2018 1727 2061 350

161 2091 317 2146 vistin',
350 2093 456 2134 Hec.
479 2092 562 2134 550
578 2091 739 2145 “visse’,
761 2093 933 2134 Phorm.
960 2092 1039 2134 189
1062 2091 1268 2147 ⁹vissem⁷,
1304 2094 1438 2136 Andr.
1461 2094 1557 2147 975,
1590 2095 1724 2138 Haut,

151 2166 235 2207 684
258 2164 444 2209 Γὲιηεῒίῐί.
477 2167 642 2209 Similia
674 2169 803 2209 etiam
817 2167 967 2209 Plauto
1001 2167 1285 2210 vindicabant
1315 2169 1641 2210 Fleckeisenius
1674 2171 1717 2211 in

152 2240 307 2282 Annal.
341 2238 398 2282 CI
434 2240 576 2293 (1870)
605 2241 655 2281 ’Π
689 2241 787 2282 adn.
820 2243 864 2283 in
880 2242 1007 2297 Epid.
1034 2242 1097 2282 III
1121 2241 1158 2294 2,
1194 2242 1238 2282 1:
1266 2240 1392 2283 “fexti
1412 2244 1498 2283 iam
1521 2242 1717 2285 officium*

150 2323 191 2356 et
220 2314 488 2356 Ribbeckius
520 2315 676 2357 Annal.
713 2315 820 2356 1862
852 2331 892 2370 p.
925 2316 1005 2356 :371
1040 2317 1083 2357 in
1107 2316 1199 2357 Mil.
1233 2315 1337 2357 456:
1366 2315 1582 2359 ‘muliebri
1614 2318 1721 2359 fexti

149 2387 260 2431 fide'.
293 2388 381 2431 Sed
412 2404 510 2431 cum
540 2405 593 2431 ne
624 2405 709 2431 uno
751 2390 925 2446 quidem
969 2391 1168 2446 exemplo
1209 2393 1301 2433 eius
1348 2393 1465 2433 modi
1508 2406 1726 2446 syncopas

153 2465 368 2519 possimus
386 2463 683 2518 comprobare,
717 2465 778 2506 eis
800 2466 947 2520 utique
967 2464 1270 2507 abstinendum
1303 2472 1380 2519 est,
1414 2466 1467 2507 cf.
1491 2466 1546 2506 H.
1571 2465 1728 2507 Schen-

151 2539 312 2592 kelius,
366 2538 508 2580 studia
558 2538 757 2579 Plautina
810 2538 938 2591 (Acta
997 2540 1191 2582 academ.
1249 2540 1438 2582 Vindob.
1500 2539 1627 2589 1881)
1681 2555 1720 2594 p.

156 2612 237 2653 686
271 2628 363 2669 sqq.

292 2704 362 2746 Ad
393 2704 526 2746 Andr.
572 2704 649 2746 151
683 2705 946 2747 Meissnerus
989 2721 1086 2747 cum
1117 2706 1367 2748 Terentium
1412 2705 1546 2748 multo
1588 2706 1727 2746 rarius

157 2792 284 2833 quam
314 2778 513 2821 Plautum
556 2793 772 2834 syncopas
812 2780 1065 2822 adhibuisse
1114 2781 1362 2832 affirmaret,
1404 2786 1450 2821 ut
1481 2780 1727 2821 accuratius

154 2854 197 2905 in
228 2852 340 2894 hanc
361 2868 450 2895 rem
473 2855 731 2909 inquirerem
761 2853 965 2896 inductus
987 2870 1094 2896 sum.
1128 2854 1278 2909 Neque
1310 2855 1354 2896 id
1386 2854 1558 2896 frustra.
1591 2852 1724 2894 Plane
