2100 3364
410 421 448 462 5.

407 640 446 682 6.

410 714 446 755 7.

306 863 438 904 Porro

482 420 681 462 Genetivi
704 427 746 462 et
767 420 900 461 dativi
924 421 1030 474 sing.
1064 420 1103 461 V
1140 419 1440 461 declinationis
1463 419 1507 460 in
1537 434 1578 461 —e
1608 426 1650 461 et
1680 427 1754 472 -e'i‘,

477 508 737 550 quamquam
778 495 820 534 in
860 508 909 535 eo
943 494 1084 535 differt
1116 509 1142 535 a
1172 493 1325 535 Plauto
1359 493 1598 548 Terentius,
1631 493 1750 549 quod

474 583 560 610 non
592 568 777 622 amplius
804 565 901 609 ‘rei'
935 567 1083 609 habet.

481 640 718 682 Genetivus
749 640 814 683 IV
844 640 998 682 declin.
1031 641 1073 681 in
1106 641 1136 681 -i
1168 646 1210 681 et
1241 640 1412 681 dativus
1443 640 1487 680 in
1516 655 1574 681 -u.

478 714 742 756 Pronomina
774 713 1010 756 secundum
1031 714 1231 755 flexionis
1254 714 1477 755 nominum
1500 714 1751 769 analogiam

477 788 707 830 declinata.

473 863 507 904 si
540 861 781 916 colligimus
814 876 924 917 quae
947 877 1002 903 ex
1032 867 1185 903 nostra
1207 860 1453 903 redundant
1488 863 1746 918 quaestione

181 936 472 991 intellegimus

172 1011 240 1053 III
269 1011 433 1052 formas
463 1017 658 1053 vetustas
690 1025 801 1066 quae
840 1025 866 1051 a
897 1009 1050 1051 Plauto
1091 1016 1341 1051 constanter
1382 1010 1643 1052 adhibentur
1680 1011 1751 1053 vel

311 1092 426 1127 certe
456 1085 583 1141 longe
615 1084 879 1140 praevalent,
912 1084 1159 1125 Terentium
1201 1090 1274 1125 aut
1313 1099 1528 1139 nusquam
1558 1091 1632 1125 aut
1662 1100 1752 1126 non

309 1175 542 1215 usurpasse
573 1160 655 1201 nisi
686 1159 917 1211 rarissime,
950 1158 1164 1213 longeque
1197 1158 1390 1213 plurimis
1422 1158 1530 1200 locis
1561 1158 1750 1200 formam

310 1233 530 1289 volgarem
562 1234 720 1275 habere
752 1233 885 1274 veluti

408 1308 444 1348 1.

406 1454 445 1496 2.

413 1602 452 1644 3.

404 1677 443 1718 4.

375 2862 440 2905 10.

476 1307 800 1349 Nominativum
819 1306 925 1361 plur.
950 1321 1072 1361 pron.
1097 1305 1343 1349 fein.⁹haec’
1369 1307 1548 1349 Plautus
1571 1308 1750 1364 ubique,

473 1381 698 1423 Terentius
731 1387 830 1422 ante
862 1381 1037 1422 vocales
1068 1381 1365 1423 tantummodo
1401 1381 1590 1424 adhibet.

477 1455 668 1511 Uterque
700 1461 830 1510 poeta
879 1457 1077 1510 quamvis
1124 1457 1285 1511 pariter
1336 1456 1541 1498 adhibeat
1580 1453 1750 1511 ⁶ipsus’,

473 1529 700 1571 Terentius
739 1544 826 1570 non
864 1529 1048 1584 amplius
1078 1529 1211 1571 habet
1246 1528 1409 1585 ‘eapse,
1444 1545 1620 1585 eumpse
1653 1528 1748 1571 etc⁷.

486 1602 767 1645 Substantiva
797 1603 1051 1645 heteroclita
1081 1618 1302 1659 perpauca
1341 1604 1471 1646 habet
1503 1604 1748 1646 Terentius.

474 1678 680 1719 Formam
706 1675 932 1728 ‘dextffl-a',
972 1692 1082 1733 quae
1122 1684 1211 1720 tam
1255 1693 1384 1733 saepe
1416 1680 1460 1719 in
1490 1678 1645 1719 Plauto
1684 1693 1750 1719 re-

474 1753 637 1806 peritur
667 1758 713 1793 ut
742 1751 1003 1793 Ritschelius
1036 1766 1131 1793 eam
1176 1751 1313 1793 solam
1352 1766 1533 1806 regnare
1572 1758 1750 1793 conten-

473 1825 594 1879 derit,
635 1841 722 1867 non
755 1826 929 1867 admisit
960 1826 1188 1868 Terentius
1219 1827 1302 1868 nisi
1334 1828 1377 1868 in
1408 1827 1492 1868 fine
1523 1842 1688 1869 versus.

434 1931 443 1940 .
476 1898 813 1956 Vocem‘volup'
841 1916 925 1956 qua
947 1899 1182 1942 identidem
1204 1902 1338 1942 utitur
1355 1901 1533 1943 Plautus
1551 1901 1748 1943 adverbii

472 1975 581 2028 vice,
614 1974 841 2016 Terentius
872 1975 915 2016 in
947 1990 1033 2016 una
1074 1975 1261 2017 formula
1295 1973 1523 2031 ‘volupest’
1559 1975 1748 2017 admisit.

433 2082 440 2089 .
475 2047 734 2090 Genetivum
757 2048 866 2104 plur.
899 2049 942 2090 Π
965 2048 1075 2090 decl.
1098 2050 1143 2091 in
1164 2064 1253 2091 -um
1275 2050 1501 2091 Terentius
1522 2051 1566 2091 in
1586 2049 1749 2091 fabulis

472 2123 578 2178 ipsis
609 2137 708 2164 raro
742 2122 931 2175 adhibet,
975 2129 1126 2164 contra
1157 2123 1326 2179 prologi
1367 2123 1449 2164 hac
1488 2124 1531 2165 in
1570 2138 1615 2165 re
1647 2138 1750 2164 con-

474 2202 631 2250 gruunt
663 2211 762 2237 cum
792 2211 874 2237 usu
904 2197 1119 2238 Plautino.

434 2300 443 2310 .
475 2268 904 2325 Adiectivum‘potis⁷
926 2285 1023 2312 cum
1040 2271 1172 2312 verbo
1195 2271 1465 2312 substantivo
1484 2271 1750 2325 coniungere

473 2344 580 2386 solet
612 2345 852 2398 Terentius,
894 2345 1010 2401 quod
1057 2346 1309 2400 saepissime
1358 2346 1514 2387 omittit
1553 2344 1749 2386 Plautus.

433 2449 441 2458 .
473 2418 620 2460 Verba
652 2420 889 2461 secundum
920 2420 1079 2461 falsam
1119 2420 1365 2474 analogiam
1399 2419 1629 2473 declinata,
1662 2418 1747 2460 fre-

475 2494 755 2547 quentissima
787 2494 902 2549 apud
943 2493 1157 2547 Plautum,
1205 2494 1423 2535 rarissime
1472 2494 1749 2549 reperiuntur

471 2567 514 2607 in
546 2567 762 2608 Terentio.

433 2642 716 2683 ‚Infinitivus
758 2640 948 2695 ‘moriri',
1009 2657 1134 2698 quem
1192 2641 1330 2684 solum
1384 2643 1504 2683 novit
1550 2641 1746 2694 Plautus,

470 2716 600 2758 semel
647 2716 802 2770 legitur
846 2716 964 2770 apud
996 2717 1243 2757 Terentium
1293 2713 1545 2769 (emoriri'),
1593 2721 1749 2756 contra

471 2797 621 2846 quater
652 2790 790 2831 forma
820 2790 1010 2844 volgaris
1043 2797 1200 2832 exstat.

472 2865 658 2906 Formae
689 2863 919 2906 verborum
961 2865 1216 2918 activorum,
1265 2879 1375 2920 quae
1422 2870 1575 2919 postea
1615 2863 1746 2926 depo-

469 2939 616 2981 nentia
667 2954 762 2980 esse
813 2938 1031 2992 solebant,
1086 2939 1182 2994 plus
1234 2940 1425 2981 centiens
1486 2940 1530 2980 in
1581 2937 1747 2978 Plauto

1777 1373 1828 1455 Γ.
