2100 3364
56 527 277 577 5an}

0 2469 56 2519 bc(
71 2458 269 2543 mmsaedi,
286 2511 290 2515 .

330 388 635 430 declinationis
683 387 932 441 analogiam
978 388 1185 442 perfacile
1222 389 1450 431 admisisse
1483 397 1548 432 sat
1580 397 1641 432 mt
1665 393 1730 433 uis
1765 408 1907 434 exem-

334 462 417 517 plis
451 476 681 516 possumus
723 460 1020 503 demonstrare
1068 462 1139 514 (cf.
1170 463 1291 505 Neue
1322 464 1384 505 112
1418 464 1470 505 87
1504 465 1630 520 sqq.).

468 535 506 574 4.
539 534 816 576 Adiectivum
848 532 991 594 ‘potis'
1033 537 1151 591 apud
1190 537 1438 580 Terentium
1473 538 1538 579 his
1578 538 1735 593 legitur
1771 538 1905 580 locis:

471 608 604 650 Andr.
638 608 742 650 437:
779 607 918 664 'potin
949 612 994 652 es
1025 610 1129 652 mihi
1160 626 1309 653 verum
1341 611 1514 654 dicere?
1552 612 1667 654 Nihil
1698 610 1896 663 facilius⁷‚

469 683 580 725 Eun.
616 680 718 724 101:
760 681 860 724 ‘hoc
893 685 1090 738 primum,
1138 687 1259 740 potin
1291 694 1356 727 est
1385 686 1453 727 hic
1492 687 1667 729 tacere?
1714 688 1898 743 Egone?

329 755 535 812 optume,

467 831 526 873 ib.
559 830 662 872 263:
705 829 758 872 'si
804 832 918 886 potis
951 838 1028 883 est,
1075 838 1298 888 tamquam
1345 833 1702 889 philosophorum
1747 835 1909 878 habent

330 905 591 961 disciplinae
622 920 677 946 ex
707 903 842 960 ipsis',

471 980 604 1021 Haut.
645 978 753 1020 321:
790 976 1011 1035 ⁹Clitipho,
1046 995 1090 1022 es
1130 995 1268 1036 neque
1311 982 1409 1024 ferri
1450 983 1564 1037 potis
1595 998 1654 1024 es.
1715 983 1908 1026 Audiun-

330 1054 435 1096 dum
465 1053 608 1096 hercle
640 1056 717 1107 est,
751 1051 858 1096 tace⁷
890 1051 1150 1110 (Aipotes'),

468 1128 526 1170 ib.
560 1127 663 1169 659:
706 1125 763 1169 ‘si
794 1129 908 1183 potis
940 1136 1006 1169 est
1035 1130 1225 1184 reperiri.
1288 1130 1456 1172 Interii:
1504 1130 1600 1186 plus
1647 1133 1739 1186 spei
1780 1132 1905 1174 video

330 1205 462 1259 quam
495 1200 621 1255 volo⁷,

468 1277 640 1319 Phorm.
663 1276 767 1318 379:
795 1275 850 1318 ‘si
873 1277 950 1319 tibi
973 1277 1146 1333 placere
1169 1279 1282 1333 potis
1306 1288 1382 1332 est,
1416 1280 1519 1321 mihi
1541 1286 1587 1322 ut
1607 1278 1901 1336 respondeas',

470 1350 578 1392 Hec.
611 1349 715 1391 395:
756 1348 893 1406 ‘quod
923 1359 964 1392 te
998 1353 1106 1394 scire
1138 1353 1234 1408 ipsa
1265 1353 1429 1394 indicat
1460 1368 1540 1394 res.
1573 1356 1687 1396 nunc
1722 1356 1755 1395 si
1789 1356 1904 1410 potis

329 1432 409 1474 cst,
443 1421 693 1480 Pamphile⁷,

467 1499 550 1540 Ad.
585 1498 692 1539 344:
734 1496 899 1553 ‘peiore
946 1514 1013 1540 res
1045 1498 1141 1540 loco
1189 1515 1277 1542 non
1318 1502 1432 1556 potis
1464 1508 1530 1542 est
1561 1503 1657 1544 esse
1703 1516 1833 1558 quam
1864 1504 1908 1544 in

329 1589 416 1630 quo
450 1575 564 1615 nunc
598 1573 682 1614 sita
714 1569 803 1625 θεῖ’,

466 1647 524 1689 ib.
557 1646 661 1688 521:
702 1644 781 1688 rita
814 1648 905 1701 fiat,
955 1654 996 1689 et
1026 1648 1135 1689 istoc
1183 1649 1293 1704 siqui
1326 1650 1440 1704 potis
1482 1656 1547 1691 est
1577 1650 1751 1692 rectius.
1813 1649 1904 1691 Ita:

328 1738 432 1764 nam
463 1722 578 1764 hunc
611 1719 750 1775 diem',

468 1796 524 1838 ib.
548 1795 651 1837 539:
679 1793 842 1851 '‘siquid
871 1795 1057 1850 rogabit,
1089 1796 1304 1851 nusquam
1334 1803 1381 1837 tu
1403 1812 1491 1839 me:
1525 1796 1747 1840 audistin?
1777 1798 1904 1839 Potin

329 1878 375 1912 ut
408 1867 607 1923 desinas',

467 1945 524 1988 ib.
548 1945 652 1987 626:
680 1944 881 2002 ⁹1'1squam
904 1946 1065 1987 efferri:
1099 1960 1150 1988 ac
1180 1946 1327 1988 mitto:
1360 1946 1453 1988 fieri
1474 1946 1588 2002 potis
1611 1953 1677 1988 est
1697 1953 1743 1988 ut
1764 1961 1906 2002 nequa

329 2018 488 2062 exeat⁷.

477 2095 675 2136 Eandem
697 2095 882 2136 formam
904 2102 1021 2136 recte
1042 2095 1230 2137 restituit
1247 2094 1470 2137 Bentleius
1491 2095 1603 2137 Eun.
1630 2095 1733 2136 113:
1752 2093 1908 2151 ‘neque

329 2170 469 2211 scibat
514 2185 653 2225 neque
684 2184 761 2225 per
793 2171 981 2211 aetatem
1014 2171 1144 2212 etiam
1175 2170 1289 2225 potis
1323 2166 1425 2211 erat’
1469 2169 1616 2217 (codd.
1644 2167 1904 2225 ’potuerat').

329 2243 530 2299 Denique
575 2244 720 2285 nescio
763 2259 819 2285 an
859 2244 1014 2286 eodem
1057 2245 1205 2300 utique
1251 2244 1382 2286 modo
1414 2242 1550 2285 Andr.
1585 2242 1687 2284 691:
1731 2242 1906 2300 'quibus

330 2318 504 2372 quidem
526 2332 655 2373 quam
677 2318 804 2359 facile
825 2319 1026 2374 potuerat
1048 2319 1224 2372 quiesci,
1258 2319 1292 2360 si
1314 2318 1382 2360 hic
1406 2315 1602 2374 quiesset'
1631 2318 1906 2360 scribendum

330 2393 385 2433 sit
412 2390 544 2447 ‘potis
578 2389 695 2433 eraf.
758 2392 878 2444 Quos
910 2392 1032 2435 locos
1074 2393 1108 2434 si
1141 2381 1468 2448 perlustramus,
1512 2394 1556 2435 id
1589 2394 1776 2435 omnium
1810 2407 1907 2448 pro-

330 2466 470 2521 prium
518 2481 611 2507 esse
658 2466 868 2519 videmus,
918 2475 963 2508 ut
990 2465 1135 2522 ”potis'
1173 2475 1294 2509 ante
1341 2468 1547 2509 formas
1594 2467 1746 2509 verbi
1791 2466 1905 2508 sub-

331 2541 560 2582 stantivi
588 2538 733 2582 'esse'
770 2556 885 2582 Cum
916 2541 1104 2582 vocali
1136 2542 1469 2597 incipientes
1502 2541 1696 2596 legamus
1720 2548 1903 2595 excepto

330 2614 413 2655 Ad.
446 2613 552 2655 539:
594 2595 810 2672 ΓΡοῖίξὶῖιιῖ
843 2612 1044 2669 desinas⁷,
1085 2615 1159 2657 ubi
1190 2615 1371 2657 verbum
1421 2616 1738 2658 substantivum
1771 2615 1904 2667 deest,

333 2689 452 2743 quod
485 2704 533 2731 eo
560 2689 815 2744 explicatur,
850 2689 967 2744 quod
993 2687 1132 2745 “potin
1155 2686 1210 2731 ut⁷
1238 2690 1401 2731 dudum
1421 2691 1465 2731 in
1486 2689 1716 2731 formulam
1738 2688 1905 2730 abierat

330 2764 608 2814 tritissimam,
643 2779 726 2819 qua
751 2762 909 2818 Syrum
941 2778 1112 2805 servum
1143 2763 1285 2819 lepide
1307 2764 1414 2806 facit
1445 2764 1671 2805 Terentius
1691 2770 1905 2816 utentem3

331 2837 386 2877 cf.
421 2836 558 2878 Plaut.
592 2837 749 2892 Amph.
783 2836 877 2881 903.
911 2837 1022 2879 Rud.
1055 2837 1160 2879 4223:
1196 2835 1336 2893 ‘potin
1364 2845 1414 2879 ¹ut
1448 2837 1668 2879 abstineas
1700 2835 1902 2890 manum',

332 2909 444 2951 Men.
477 2910 580 2951 466:
624 2909 761 2966 'potin
809 2919 854 2952 ut
900 2909 1126 2967 quiescas'‚
1174 2911 1431 2954 T1·in.6:28:
1477 2910 1616 2966 '‘potin
1660 2918 1705 2953 ut
1745 2927 1813 2953 me
1845 2913 1905 2953 ire
