2100 3364
805 271 1084 309 —11-„

161 399 319 453 quibus
360 398 536 440 Plautus
578 396 746 451 plebem
794 395 872 436 sibi
922 394 1182 442 conciliavit,
1230 395 1283 434 in
1314 394 1627 433 universum
1658 407 1731 433 re-

163 473 380 526 spuisse
405 479 493 512 aut
517 472 597 511 eis
620 485 722 511 non
748 485 894 511 usum
919 483 1038 509 esse
1061 468 1167 507 nisi
1201 468 1369 508 certis
1394 468 1577 507 causis
1601 480 1730 506 com-

161 554 355 587 motum
390 543 647 586 statuimus?
699 544 805 584 Inde
839 550 981 583 autem
1031 549 1211 596 apparet
1257 540 1605 594 restringendum
1637 554 1731 580 esse

162 618 366 660 Ritschcli
389 618 595 659 iudicium
629 616 769 671 (proll.
804 617 845 656 in
871 616 1106 656 Trinumm.
1132 629 1171 668 p.
1196 612 1385 654 CXLIII
1418 614 1555 658 adul:
1584 611 1731 667 *quam

162 700 304 734 autem
336 692 483 736 multa,
519 706 628 745 quae
651 692 793 744 prisca
828 688 907 730 sibi
932 688 1148 729 Latinitas
1181 688 1387 737 vindicat,
1421 688 1506 728 iam
1529 686 1731 727 Plautina

162 773 303 807 aetate
324 780 409 806 non
433 765 651 820 potuerint
681 779 767 805 non
801 762 997 804 obsoleta
1031 776 1136 809 esse,
1170 761 1359 815 intellegi
1393 761 1460 801 vel
1491 761 1573 802 1100
1605 775 1730 814 argu-

162 848 305 882 mento
339 846 492 896 potest,
542 839 657 893 quod
688 838 1006 879 multitudinem
1037 835 1334 877 Plautinarum
1367 836 1604 877 formarum
1636 835 1731 889 ipsa

161 916 423 956 Terentiana
469 920 589 955 aetas
635 913 881 968 repudiavit
911 913 984 952 vix
1016 912 1169 966 viginti
1202 925 1411 951 annorum
1445 908 1671 950 intervallo
1707 922 1732 947 a

159 995 297 1031 morte
330 988 471 1030 Plauti
505 985 699 1029 distans'.
734 987 855 1038 Quae
889 986 979 1027 sine
1002 985 1132 1027 dubio
1167 1001 1223 1026 ex
1254 991 1378 1040 parte
1411 984 1584 1039 quidem
1615 989 1730 1023 recte

162 1079 205 1106 se
235 1064 411 1113 habent,
461 1063 536 1104 sed
569 1061 691 1103 simul
736 1060 1025 1116 reputandum
1056 1066 1121 1101 est
1160 1060 1305 1101 multis
1338 1059 1487 1100 formis
1519 1057 1730 1100 Plautinis

159 1153 212 1179 ne
244 1145 333 1179 tuni
366 1137 539 1192 quidem
561 1137 808 1177 Terentium
838 1150 1016 1177 usurum
1047 1136 1194 1188 fuisse,
1231 1136 1264 1175 si
1296 1134 1449 1189 viginti
1482 1133 1608 1174 annis
1632 1137 1730 1172 ante

169 1212 425 1266 scripsisset,
460 1211 555 1251 dico
589 1210 750 1251 formas
784 1209 991 1265 plebeias,
1026 1211 1186 1264 quippe
1219 1223 1329 1264 quae
1362 1208 1561 1262 quamvis
1594 1220 1732 1260 neque

160 1286 334 1327 Terenti
382 1291 522 1326 aetate
557 1284 777 1326 obsoletae
809 1291 966 1337 essent,
999 1290 1144 1325 tamen
1176 1298 1262 1325 non
1296 1283 1602 1323 convenissent
1647 1295 1731 1320 ser-

160 1361 275 1401 moni
298 1361 591 1401 Romanorum
623 1358 909 1399 litteratorum
940 1373 966 1399 a
989 1358 1193 1399 Terentio
1218 1371 1442 1412 expresso.
1478 1355 1731 1397 Cavendum

163 1436 294 1487 igitur
325 1440 403 1483 est,
450 1449 503 1475 ne
550 1448 839 1488 praepropere
884 1432 996 1474 hanc
1043 1432 1218 1474 illamve
1264 1432 1450 1472 formam
1496 1445 1521 1470 a
1552 1429 1727 1470 Terenti

162 1515 303 1550 aetate
335 1508 521 1550 alienam
554 1522 649 1549 eam
682 1507 735 1548 ob
760 1522 938 1548 causam
971 1513 1183 1561 putemus,
1219 1506 1335 1561 quod
1366 1511 1496 1560 poeta
1529 1518 1623 1544 eam
1647 1518 1731 1543 non

167 1583 377 1624 adhibuit.
424 1583 621 1636 Namque
653 1581 810 1622 multas
843 1581 1004 1622 formas
1037 1582 1167 1622 etiam
1207 1587 1306 1634 post
1339 1585 1524 1620 aetatem
1556 1577 1729 1618 Terenti

163 1657 337 1712 reperiri
370 1682 423 1685 —
456 1658 578 1698 cuius
610 1658 669 1697 rei
703 1656 903 1710 exempla
949 1655 1293 1696 luculentissima
1324 1654 1569 1707 fragmenta
1601 1652 1731 1692 comi-

162 1746 309 1772 corum
341 1731 629 1786 posteriorum
654 1729 937 1784 suppeditant
959 1752 1011 1758 -
1036 1744 1143 1784 quas
1167 1731 1259 1784 ipse
1281 1742 1496 1783 nusquam
1518 1724 1730 1774 adhibuit,

164 1811 417 1859 argumento
453 1820 546 1846 esse
579 1804 706 1845 debet
737 1810 911 1859 poetam
942 1805 994 1845 in
1020 1818 1259 1844 sermone
1290 1802 1465 1843 latino
1501 1800 1733 1855 quodam

161 1880 317 1920 modo
351 1893 607 1919 novarum
638 1893 813 1919 rerum
847 1878 1155 1919 studiosum
1186 1877 1359 1918 fuisse
1407 1882 1568 1930 atque
1600 1874 1651 1915 id
1682 1875 1732 1915 in

160 1954 357 2007 primis
390 1953 588 2006 egisse,
621 1951 933 1994 utubifieri
966 1958 1153 2007 posset
1186 1951 1450 1992 sermonis
1482 1949 1732 2003 volgaris

163 2028 395 2080 speciem
441 2027 711 2082 effugeret
754 2034 809 2068 et
849 2027 1055 2068 formas
1087 2040 1294 2077 novas,
1345 2039 1492 2079 quae
1542 2031 1659 2065 tum
1708 2039 1733 2064 a

161 2102 444 2143 comoedia
477 2101 691 2142 alienae
723 2108 897 2154 erant,
932 2101 1239 2156 antiquatis
1274 2099 1369 2141 sed
1400 2100 1454 2140 in
1489 2112 1732 2138 sermone

161 2177 491 2216 comicorum
541 2175 816 2216 adamatis
869 2174 1195 2229 praeferret.
1258 2173 1401 2228 Atque
1453 2173 1497 2213 id
1549 2170 1731 2213 consilio

162 2264 255 2290 sese
306 2249 506 2300 fecisse9)
548 2250 775 2290 Terentius
821 2250 913 2304 ipse
960 2254 1144 2291 testatur
1188 2253 1230 2289 et
1270 2248 1479 2303 gloriatur
1524 2248 1566 2287 in
1600 2246 1731 2286 Haut.

162 2322 273 2378 prol.
308 2339 346 2363 v.
379 2321 453 2362 46:

574 2394 634 2437 ''in
666 2396 747 2437 hac
780 2403 845 2438 cst
878 2412 1014 2451 pura
1048 2394 1319 2438 oratio...‘

299 2471 384 2512 Sed
414 2476 549 2511 restat
581 2469 813 2511 difficultas
846 2470 1072 2526 quaedam,
1115 2485 1244 2525 quam
1275 2469 1356 2511 1100
1389 2469 1484 2510 1000
1518 2484 1604 2510 non
1636 2483 1733 2523 pos-

162 2560 307 2587 sumus
356 2544 524 2585 silentio
575 2545 821 2598 praeterire.
870 2545 968 2585 Iure
1015 2544 1127 2586 enim
1177 2544 1332 2599 aliquis
1376 2542 1536 2585 obiciat
1569 2549 1731 2584 certum

301 2705 323 2746 ¹³)
347 2704 389 2735 Id
414 2707 538 2745 poetae
567 2702 726 2743 collegae
760 2706 793 2734 et
818 2703 1024 2742 adversarii,
1060 2704 1120 2744 qui
1147 2703 1352 2735 comoediae
1385 2712 1583 2734 sermonem
1617 2702 1733 2733 minus

163 2762 361 2803 elegantem
399 2765 432 2793 et
464 2762 578 2802 magis
613 2771 757 2800 gravem
794 2771 870 2792 esse
904 2760 1104 2801 voluerunt,
1132 2761 1271 2792 crimini
1297 2762 1328 2791 01
1354 2762 1545 2799 verterunt,
1582 2763 1619 2790 ut
1643 2759 1730 2789 1111111

163 2829 333 2860 apparere
358 2819 498 2850 videtur
525 2829 542 2849 e
569 2817 710 2849 Phorm.
737 2816 825 2858 prol.
851 2828 883 2848 v.
909 2819 930 2848 4
956 2827 1026 2858 sq.:

549 2871 556 2882 ²
735 2898 742 2905 .
771 2884 861 2915 quas
889 2874 1041 2905 antehac
1066 2874 1152 2906 fecit
1176 2874 1316 2905 fabulas

552 2932 666 2963 Tenui
694 2942 772 2963 esse
800 2932 958 2962 oratione
986 2934 1020 2962 et
1046 2932 1223 2973 scriptura
1250 2926 1343 2963 levi’.
