2100 3364
885 296 1138 336 „4—

364 422 530 475 Quodsi
549 422 661 463 hanc
679 422 890 476 imprimis
911 421 1206 476 quaestionem
1222 420 1495 461 tractandam
1519 422 1799 476 susceperim,

227 498 303 539 vix
336 504 439 552 puto
473 496 700 551 quisquam
731 493 971 547 mirabitur,
1012 495 1084 549 qui
1124 508 1253 549 quam
1286 508 1440 535 manca
1472 493 1625 535 harum
1655 509 1798 536 rerum

228 573 281 612 sit
299 571 452 611 notitia
483 569 758 610 intellexerit.
791 569 862 609 Ex
894 583 977 623 quo
1011 568 1124 608 enim
1146 568 1216 608 Fr.
1241 567 1616 622 Umpfenbachius
1649 567 1800 609 editio-

226 659 322 685 nem
354 644 398 683 P.
433 643 608 684 Terenti
641 647 857 697 apparatu
897 642 1046 682 critico
1082 647 1289 697 quantum
1322 643 1428 683 satis
1468 642 1724 683 instructam
1757 642 1800 682 in

224 718 364 759 lucem
400 716 552 765 emisit,
594 731 682 757 non
714 716 887 757 defuere
928 717 1001 770 qui
1041 716 1179 769 copiis
1220 714 1274 756 ab
1315 714 1387 756 illo
1421 715 1711 770 suppeditatis
1744 715 1801 756 ad

226 799 380 847 poetae
402 791 539 832 verba
562 789 832 831 emendanda
862 789 981 830 haud
1002 789 1161 830 frustra
1183 795 1425 830 uterentur:
1460 788 1535 830 sed
1558 789 1803 843 singulares

226 867 516 921 quaestiones,
569 864 724 919 quibus
772 863 824 905 de
863 864 1129 919 proprietate
1171 866 1381 905 sermonis
1413 864 1661 905 Terentiani
1702 878 1800 906 cum

223 940 366 981 Plauti
399 937 570 981 dicendi
602 952 758 992 genere
791 938 1031 992 comparati
1063 943 1276 991 ageretur,
1323 938 1411 979 fere
1445 939 1615 979 omnino
1651 938 1802 980 deesse

225 1020 486 1069 conquestus
509 1019 573 1054 est
594 1013 706 1054 inter
727 1011 836 1053 alios
858 1011 995 1065 Leop.
1023 1010 1142 1052 Arm.
1166 1011 1398 1052 Fischerus
1430 1012 1473 1052 in
1496 1011 1801 1054 dissertatione

240 1088 308 1129 De
347 1088 549 1129 Terentio
597 1087 788 1142 priorum
829 1087 1093 1127 comicorum
1133 1085 1367 1128 latinorum
1410 1086 1620 1142 imprimis
1659 1086 1801 1127 Plauti

227 1168 440 1204 sectatore
473 1162 749 1217 quaestiones
782 1158 977 1202 selectae’
1027 1159 1145 1214 (Hal.
1179 1160 1284 1202 Sax.
1322 1159 1447 1215 1875)
1491 1176 1532 1216 p.
1564 1158 1619 1201 40
1660 1175 1802 1215 neque

226 1245 371 1278 tamen
404 1237 497 1291 ipse
537 1236 769 1291 quicquam
803 1235 985 1276 contulit
1025 1235 1082 1276 ad
1120 1250 1211 1276 rem
1252 1234 1540 1276 enodandam.
1589 1235 1804 1287 Quamvis

227 1312 341 1353 enim
381 1325 547 1366 paucas
587 1310 820 1352 verborum
859 1311 1021 1352 formas
1061 1316 1257 1351 vetustas
1297 1309 1468 1351 fabulas
1500 1310 1800 1361 Terentianas,

225 1401 323 1428 cum
341 1386 383 1427 in
395 1385 535 1426 Plauti
555 1384 790 1426 comoediis
809 1399 905 1427 esse
923 1384 1130 1439 plurimas
1143 1391 1483 1426 consentaneum
1502 1385 1569 1438 sit,
1593 1383 1805 1439 praebere

225 1476 266 1516 p.
299 1460 351 1501 51
377 1459 629 1513 contendat,
662 1465 810 1502 tamen
833 1458 978 1514 quoad
998 1465 1146 1514 pateat
1168 1458 1236 1499 hic
1259 1474 1377 1513 usus,
1411 1459 1476 1500 his
1499 1457 1637 1500 tribus
1659 1457 1804 1499 verbis

227 1534 445 1576 indicasse
477 1535 583 1576 satis
624 1533 777 1575 habet:
813 1530 968 1588 ‘ipsus,
1014 1532 1148 1586 duint,
1194 1530 1462 1574 tetulissem’.
1518 1533 1668 1587 Neque
1699 1547 1801 1573 vero

227 1610 537 1665 quaestionem,
580 1622 709 1663 quam
751 1622 898 1649 sumus
939 1608 1189 1659 instituturi‚
1223 1608 1327 1649 satis
1374 1606 1573 1648 sublevat
1596 1606 1807 1648 Albertus

225 1684 558 1739 Roenspiessius
598 1681 904 1723 dissertatione
943 1682 1114 1723 lenensi
1150 1679 1237 1722 ‘De
1280 1682 1597 1736 coniugationis
1642 1681 1804 1722 latinae

227 1758 375 1800 formis
408 1757 525 1813 apud
556 1757 806 1799 Terentium
838 1771 1072 1812 earumque
1096 1753 1268 1811 origine'
1305 1757 1468 1798 inserta
1492 1757 1806 1811 programmati

228 1830 365 1873 Culm.
401 1831 522 1873 1873.
555 1831 615 1873 Ut
646 1832 758 1872 enim
783 1833 980 1873 omittam
1009 1830 1100 1873 fere
1130 1830 1520 1872 innumerabilibus
1552 1830 1807 1885 typothetae

228 1907 445 1948 erroribus
490 1908 535 1948 in
566 1906 810 1948 indicandis
857 1912 1032 1947 actuum
1080 1920 1333 1947 scaenarum
1374 1920 1577 1946 versuum
1617 1906 1806 1946 numeris

228 1980 360 2022 libelli
393 1996 518 2022 usum
551 1979 764 2035 impediri,
808 1981 937 2022 etiam
971 1981 1225 2035 scriptorem
1256 1980 1475 2021 maximae
1506 1978 1805 2033 neglegentiae

231 2070 488 2097 accusemus
518 2069 697 2097 necesse
729 2060 807 2108 est,
841 2055 912 2110 qui
945 2054 1065 2096 locos
1088 2069 1225 2109 neque
1258 2059 1462 2095 accurate
1492 2067 1632 2108 neque
1655 2068 1805 2095 omnes

233 2130 569 2182 enumeraverit,
622 2129 682 2169 ita
732 2134 779 2169 ut
832 2127 966 2169 libelli
1012 2127 1176 2170 utilitas
1227 2127 1353 2169 nobis
1399 2127 1487 2168 fere
1538 2126 1657 2168 nulla
1708 2141 1806 2168 esse

230 2203 445 2246 videatur.
477 2202 543 2245 Ac
575 2204 701 2259 primi
735 2203 777 2244 in
809 2218 910 2255 rem,
960 2202 1012 2244 de
1046 2217 1131 2258 qua
1177 2216 1305 2257 agere
1351 2202 1394 2243 in
1441 2202 1584 2243 animo
1629 2206 1708 2253 est,
1748 2201 1807 2241 in—

234 2280 452 2335 quirentes
488 2275 749 2319 Conradtius
781 2279 824 2318 in
848 2277 1038 2319 Hermae
1060 2276 1144 2318 vol.
1168 2277 1211 2318 X
1236 2274 1316 2316 100
1340 2291 1454 2331 sqq.:
1481 2274 1644 2318 “Ueber
1667 2275 1808 2329 einige

232 2351 734 2408 Eigenthiimlichkeiten
766 2351 841 2393 des
864 2351 1197 2394 Versschlusses
1220 2351 1289 2393 bei
1312 2347 1487 2392 Terenz⁷
1524 2355 1565 2390 et
1598 2348 1649 2390 O.
1673 2348 1808 2391 Schu-

232 2426 379 2468 bertus
402 2427 445 2467 in
468 2440 612 2481 progr.
630 2426 795 2468 Vimar.
818 2424 946 2466 1878:
965 2423 1219 2480 ‘Symbolae
1242 2424 1298 2466 ad
1314 2425 1563 2466 Terentium
1581 2423 1811 2466 emendan-

232 2498 341 2542 dum⁷
393 2515 433 2556 p.
486 2499 536 2541 15
584 2515 675 2556 sqq.
708 2501 959 2542 Terentium
1004 2499 1234 2541 nonnullas
1281 2498 1596 2541 vocabulorum
1642 2497 1809 2538 formas

231 2582 426 2616 vetustas
457 2576 499 2616 in
532 2576 660 2616 certis
683 2590 884 2616 versuum
919 2574 1092 2616 sedibus
1126 2573 1376 2616 adhibuisse
1404 2573 1811 2615 demonstraverunt

232 2664 367 2705 neque
398 2665 500 2691 vero
542 2665 801 2706 quemquam
843 2649 1014 2691 illorum
1062 2648 1205 2691 studia
1251 2648 1572 2701 redintegrasse
1619 2645 1808 2688 memini.

232 2724 324 2764 Iam
357 2725 391 2764 si
424 2724 548 2766 addis
581 2739 646 2778 ea,
688 2739 799 2780 quae
832 2724 884 2766 de
927 2739 1014 2765 una
1045 2723 1239 2765 alterave
1271 2738 1315 2764 re
1348 2722 1478 2764 modo
1520 2727 1588 2762 sat
1618 2720 1808 2762 breviter

233 2798 360 2839 modo
410 2798 555 2851 paullo
604 2798 771 2854 plenius
820 2798 1056 2840 attulerunt
1101 2799 1142 2848 ii,
1191 2798 1262 2853 qui
1308 2796 1481 2838 fabulas
1520 2795 1807 2837 Terentianas

232 2873 555 2914 commentariis
598 2872 933 2926 illustraverunt,
976 2873 1087 2913 inter
1119 2886 1227 2927 quos
1273 2873 1316 2912 in
1357 2858 1505 2926 primis
1553 2867 1809 2910 nominandi

234 2953 331 2988 sunt
377 2946 423 2989 C.
471 2947 689 2989 Dziatzko
739 2954 780 2989 et
821 2947 872 2989 A.
915 2946 1184 3002 Spengelius,
1231 2945 1367 2987 habes
1413 2942 1622 2999 quidquid
1671 2956 1811 2997 usque
