2100 3364
0 1355 38 1388 [st
51 1331 277 1389 ,alfstan->¹⁴

0 1404 115 1446 ὦυννίλ
125 1360 296 1440 cmffaa

0 1467 135 1505 '‘Lvssld'ffl
122 1473 228 1504 &uult

0 1517 307 1584 “,,,·«”.”αι,ίαίῃ,’

20 1591 27 1606 Ι

0 2360 260 2427 ρίωεὲθβῃ.

1009 292 1291 332 —12—

331 428 462 475 atque
496 419 610 461 omni
642 433 696 459 ex
729 425 851 473 parte
884 419 1044 459 iustum
1074 417 1175 459 ferri
1215 434 1303 459 non
1334 433 1464 474 posse
1496 418 1713 471 iudicium,
1765 425 1907 460 utrum

334 494 566 536 Terentius
600 492 680 533 hoc
713 492 842 533 illove
874 491 970 533 loco
1002 491 1142 533 forma
1174 499 1348 534 vetusta
1379 507 1483 534 usus
1517 494 1570 534 sit
1600 507 1759 546 necne,
1811 508 1909 534 cum

328 568 506 610 fabulas
528 567 814 608 Terentianas
847 572 946 621 post
977 573 1133 621 poetae
1155 573 1338 608 mortem
1361 567 1458 622 plus
1479 568 1620 608 minus
1651 573 1908 608 retractatas

331 657 426 683 esse
449 640 503 682 ab
527 642 602 694 eis,
628 642 699 696 qui
722 640 820 693 illas
844 647 917 682 aut
940 641 1078 682 acturi
1111 647 1185 682 aut
1208 641 1350 682 daturi
1377 647 1534 693 essent,
1568 647 1908 682 consentaneum

333 716 385 756 sit
408 713 455 767 ¹⁰)
491 721 533 756 et
564 715 782 756 luculento
817 714 1134 756 demonstretur
1165 714 1364 769 exemplo
1398 714 1575 756 alterius
1594 714 1787 756 Andriae
1820 715 1907 756 exi-

326 795 412 830 tus.
445 789 595 843 Neque
628 803 707 843 ego
740 790 776 829 is
810 803 924 841 sum,
974 789 1045 843 qui
1082 795 1238 843 poetae
1263 804 1439 830 manum
1484 803 1565 829 nos
1606 804 1735 843 posse
1766 789 1835 830 vel
1866 789 1910 829 in

327 862 562 904 verborum
595 862 791 917 apicibus
812 877 1071 917 recuperare
1104 877 1272 918 sperem
1295 870 1336 904 et
1369 863 1557 918 quodam
1588 863 1718 904 modo
1751 864 1909 904 iustam

327 936 463 978 fuisse
494 936 663 977 Bentlei
697 937 988 991 suspicionem
1021 937 1073 977 de
1099 937 1319 992 magistris
1368 952 1600 991 puerorum
1646 951 1779 978 causa
1823 952 1906 978 ser-

328 1025 501 1052 monem
533 1011 708 1052 Terenti
733 1008 1092 1052 ‘emendantibus'
1127 1025 1293 1065 negem.
1326 1010 1385 1052 At
1419 1012 1453 1052 si
1484 1018 1734 1066 reputamus
1767 1011 1908 1052 Plauti

325 1085 514 1139 fabulas,
549 1086 745 1140 quamvis
788 1091 830 1127 et
875 1101 951 1127 eae
999 1085 1055 1127 ad
1099 1099 1224 1126 usum
1255 1086 1508 1140 posterioris
1554 1087 1708 1127 aetatis
1741 1101 1909 1127 accom-

326 1161 532 1202 modatae
564 1161 660 1213 sint,
706 1166 853 1201 tamen
885 1166 927 1201 et
957 1161 1075 1213 ipsas
1107 1160 1288 1201 refertas
1321 1175 1415 1202 esse
1455 1175 1506 1202 ac
1549 1166 1714 1201 scatere
1760 1161 1909 1201 formis

325 1236 514 1277 vetustis
547 1236 677 1276 etiam
718 1236 761 1275 in
792 1234 914 1276 libris
946 1249 1078 1276 manu
1121 1235 1293 1289 scriptis
1324 1235 1496 1276 traditis
1528 1241 1569 1275 et
1600 1249 1730 1290 posse
1762 1238 1908 1289 augeri

328 1310 418 1351 eius
450 1309 569 1350 modi
600 1309 837 1350 formarum
868 1323 1094 1350 numerum
1123 1310 1166 1349 in
1200 1310 1381 1350 servatis
1414 1324 1585 1365 quoque
1617 1309 1855 1351 comoediis
1888 1324 1910 1351 e

327 1391 521 1425 veterum
567 1383 983 1438 glossographorum
1030 1384 1180 1439 copiis,
1231 1383 1357 1424 aliter
1404 1384 1456 1425 de
1488 1384 1665 1425 Terenti
1712 1398 1909 1426 sermone

304 1459 611 1511 iudicandum
644 1473 739 1500 esse
772 1465 965 1513 apparet,
1000 1473 1098 1499 cum
1128 1474 1181 1499 ne
1214 1457 1519 1513 glossogiaphi
1542 1458 1715 1514 quidem
1746 1457 1910 1499 formas

305 1540 524 1574 xetustas
556 1532 683 1574 nobis
719 1532 1007 1588 suppeditent
1052 1548 1160 1588 quas
1199 1548 1287 1574 non
1318 1548 1374 1575 ex
1405 1532 1614 1574 librorum
1644 1547 1776 1574 manu
1809 1533 1909 1573 scii-

301 1631 305 1662 i
327 1615 421 1662 pto
421 1623 503 1648 um
533 1608 729 1662 xestigiis
761 1608 979 1662 expiscari
1011 1607 1153 1649 liceat.

465 1681 552 1723 Sed
572 1697 627 1723 ne
649 1683 692 1722 in
717 1681 846 1723 aliam
869 1688 1037 1736 partem
1070 1697 1122 1723 ac
1146 1682 1262 1723 dicta
1295 1688 1394 1723 sunt
1424 1682 1559 1724 verba
1580 1697 1678 1724 mea
1703 1682 1909 1737 accipias,

326 1756 435 1797 scito
468 1771 536 1798 me
567 1756 685 1798 haud
715 1757 928 1810 ignorare,
971 1757 1206 1812 quantillae
1238 1758 1510 1799 auctoritatis
1543 1758 1628 1798 sint
1660 1757 1834 1798 codices
1867 1757 1911 1797 in

326 1830 640 1872 conservandis
693 1830 844 1873 formis
892 1832 1201 1885 grammaticis,
1250 1838 1292 1873 et
1337 1832 1440 1872 mihi
1487 1847 1658 1887 quoque
1698 1831 1910 1872 rationem

324 1911 501 1946 centum
522 1905 748 1947 codicibus
771 1906 983 1961 potiorem
1007 1921 1123 1947 esse:
1157 1912 1201 1947 at
1224 1907 1258 1947 si
1280 1906 1530 1948 Terentium
1551 1911 1723 1961 praeter
1744 1911 1910 1946 ceteros

327 1979 569 2021 lectitatum
607 1980 858 2036 formasque
896 1986 1093 2022 vetustas
1126 1986 1242 2022 certe
1272 1980 1373 2022 inde
1415 1996 1440 2022 a
1471 1980 1529 2021 M.
1563 1979 1774 2022 Varronis
1806 1985 1910 2020 tem-

326 2053 505 2108 poribus
539 2054 767 2109 diligenter
811 2061 1012 2097 enotatas
1058 2070 1155 2097 esse
1196 2056 1239 2096 in
1280 2054 1512 2110 propatulo
1561 2061 1637 2107 est,
1670 2054 1778 2095 haec
1812 2054 1911 2107 ipsa

324 2129 433 2169 ratio
481 2128 648 2182 suadet,
700 2135 746 2171 ut
791 2144 871 2171 nos
919 2131 1219 2171 contineamus
1265 2131 1378 2171 intra
1424 2129 1545 2182 fines,
1594 2128 1748 2185 quibus
1798 2129 1907 2169 miro

325 2216 542 2244 consensu
573 2209 614 2244 et
645 2209 811 2244 veteres
834 2204 1107 2258 grammatici
1139 2209 1181 2244 et
1202 2203 1377 2245 codices
1399 2203 1637 2244 formarum
1667 2204 1911 2258 priscarum

327 2290 451 2318 usum
481 2277 789 2319 Terentianum
821 2278 1195 2320 circumscribunt.
1244 2279 1397 2334 Itaque
1429 2293 1507 2334 pro
1541 2285 1658 2320 certo
1692 2278 1911 2320 affirmare

326 2353 466 2393 ausim
508 2352 611 2393 iam
643 2352 701 2393 M.
734 2353 960 2395 Terenti
991 2353 1263 2396 Varronis
1303 2354 1522 2395 Reatini
1569 2351 1909 2406 temporibus

325 2425 550 2468 fabulas
584 2427 976 2481 Terentianas,
1021 2429 1160 2479 quod
1206 2429 1418 2484 quidem
1467 2428 1531 2469 ad
1574 2428 1785 2468 formas
1831 2441 1909 2467 ve-

324 2508 506 2542 tustas
545 2502 765 2554 attinet,
812 2502 890 2543 ita
937 2502 1051 2543 fere
1100 2503 1273 2543 fuisse
1315 2502 1632 2555 lectitatas,
1678 2507 1732 2542 ut
1770 2514 1909 2542 nunc

326 2575 597 2617 habemus.
634 2576 782 2629 Porro,
811 2583 857 2617 ut
888 2577 1071 2631 ingenue
1102 2576 1256 2629 fatear,
1289 2578 1376 2618 iam
1407 2591 1494 2618 non
1527 2575 1711 2631 amplius
1745 2574 1908 2629 dubito,

464 2734 502 2775 ¹⁰)
531 2734 584 2766 Cf.
602 2735 774 2769 Ritsehel.
794 2736 896 2778 proll.
915 2747 948 2778 p,
976 2736 1144 2768 CXVIII:
1170 2732 1253 2768 ‘non
1273 2747 1441 2778 quaeram
1460 2747 1555 2768 nunc
1573 2740 1690 2767 utrum
1710 2735 1909 2776 asperiores

325 2793 401 2823 sibi
442 2803 546 2834 quam
572 2792 722 2824 Plautus
762 2804 927 2825 numeros
954 2793 1143 2825 Terentius
1183 2793 1381 2833 indulserit,
1420 2804 1465 2825 an
1502 2793 1607 2825 huius
1642 2791 1847 2824 comoediae
1874 2796 1910 2822 ut

324 2849 523 2880 studiosius
558 2851 663 2881 etiam
696 2860 801 2891 quam
837 2849 1025 2882 Plautinae
1059 2854 1093 2882 et
1124 2850 1305 2883 lectitatae
1340 2854 1374 2882 et
1407 2861 1427 2881 a
1461 2850 1702 2892 grammaticis
1736 2852 1908 2881 tractatae

327 2906 479 2937 maioris
505 2906 720 2947 integritatis
747 2908 902 2949 speciem
917 2908 1136 2939 mentiantur
1154 2912 1302 2948 tantuin,
1330 2918 1454 2950 reapse
1475 2907 1564 2939 adeo
1583 2908 1783 2949 graviore-in
1803 2907 1909 2937 inter-

328 2963 551 3005 polationem
578 2973 704 3004 passae
731 2965 818 2996 sint:
846 2964 940 3006 quod
966 2968 1003 2996 ut
1030 2965 1182 3004 credam,
1209 2976 1278 2996 non
1305 2964 1402 2996 leves
1429 2974 1483 2996 ine
1510 2974 1638 2996 causae
1664 2958 1833 2996 movent?
