2100 3364
953 305 1003 308 —
1069 281 1120 320 72
1181 307 1234 310 —

445 406 483 446 8.
511 402 799 446 ‘praeterhac’
834 405 1071 447 Bembinus
1094 406 1226 447 habet
1246 407 1418 449 Phorm.
1447 407 1542 461 800,
1578 424 1706 464 quam
1737 409 1883 451 lectio-

308 495 404 521 nem
452 480 662 520 immerito
696 478 1023 520 Fleckeisenius
1070 481 1236 535 respuit
1281 482 1563 524 Ritschelium
1611 484 1702 524 sinc
1750 483 1879 525 dubio

309 559 479 594 secutus
514 554 585 607 qui
629 567 697 607 op.
730 553 774 593 Π
813 552 888 592 271
927 554 1175 596 Terentium
1218 562 1390 610 praeter
1423 555 1640 610 ‘antehac,
1683 557 1879 612 posthae,

309 624 491 682 postilla'
527 626 661 668 ullam
693 628 785 668 eius
818 627 936 669 modi
969 628 1150 671 formam
1183 631 1356 672 novisse
1387 633 1575 686 negavit.
1609 631 1696 673 Sed
1726 631 1808 672 hac
1839 631 1882 672 in

309 716 355 742 re
385 701 585 743 Bembini
618 703 858 743 auctoritas
891 703 1034 756 potior
1066 710 1131 744 est
1161 718 1300 758 neque
1332 706 1546 747 assentior
1568 706 1784 747 Lorenzio
1810 706 1882 760 qui

308 775 365 816 ad
396 775 525 816 Most.
569 774 622 815 75
656 773 939 830 ‘praeterhac'
985 791 1078 817 esse
1110 777 1357 818 Plautinum
1394 778 1593 834 idemque
1633 779 1880 834 significare

313 849 429 904 quod
461 849 578 904 apud
601 850 864 904 posteriores
890 848 1350 905 scriptoresfposthac'
1387 853 1630 906 contendit,
1664 853 1746 894 hoc
1769 854 1882 893 enim

305 937 391 964 non
441 922 773 978 comprobatum
819 924 946 966 video
994 923 1206 979 exemplis
1254 940 1365 980 quae
1395 925 1515 966 Neue
1548 926 1620 966 ΙΙ2
1653 925 1736 967 680
1782 941 1882 967 con-

306 997 453 1051 gessit.
485 997 639 1052 Itaque
670 997 950 1039 vehementer
982 1001 1112 1039 etiam
1144 998 1307 1051 dubito,
1356 1014 1458 1041 num
1489 1007 1607 1042 recte
1648 1000 1883 1042 exhibeant

308 1070 405 1112 libri
437 1070 520 1112 Ad.
561 1070 642 1111 847
670 1069 860 1126 ‘praeter
904 1070 1037 1126 haec’,
1088 1074 1287 1128 quamvis
1333 1072 1547 1115 editorum
1590 1088 1716 1116 nemo
1764 1074 1881 1130 quod

306 1145 440 1186 sciam
470 1145 614 1186 locum
646 1147 936 1201 temptaverit.

436 1216 654 1260 ‘Posthac'
704 1220 861 1274 legitur
905 1220 1042 1262 Andr.
1090 1220 1158 1274 26,
1205 1220 1300 1273 611,
1332 1221 1443 1263 Eun.
1484 1220 1580 1275 898,
1613 1222 1745 1263 Haut.
1786 1222 1882 1276 347,

305 1291 401 1346 590,
435 1292 530 1345 679,
566 1294 688 1346 1031,
736 1294 909 1336 Phorm.
955 1295 1048 1348 142,
1090 1294 1184 1349 742,
1227 1293 1350 1346 1050,
1391 1296 1500 1337 Hec.
1540 1294 1607 1349 57,
1650 1295 1745 1350 405,
1787 1296 1883 1349 533,

306 1366 401 1421 659,
437 1367 532 1421 819,
576 1368 657 1409 Ad.
704 1368 796 1422 135,
845 1368 940 1410 565.
988 1370 1121 1411 Recte
1169 1376 1313 1411 autem
1359 1369 1458 1412 libri
1504 1376 1675 1425 praeter
1720 1369 1884 1412 BCDG

304 1441 388 1483 Ad.
448 1442 530 1483 318
576 1440 697 1497 ‘post
746 1441 863 1485 haec⁷
917 1443 1100 1498 habent,
1153 1443 1269 1499 quod
1314 1441 1526 1499 ‘posthac'
1581 1459 1667 1486 non
1729 1445 1886 1487 dicitur

301 1517 383 1557 nisi
423 1516 476 1558 de
513 1517 643 1559 rebus
685 1518 840 1560 futuris
883 1519 942 1559 ita
982 1525 1029 1559 ut
1069 1533 1237 1574 semper
1280 1519 1334 1559 sit
1374 1520 1623 1574 oppositum
1676 1519 1883 1561 adverbio

299 1588 511 1633 ‘antehac'
540 1593 610 1644 (cf.
630 1591 831 1648 Spengel.
864 1593 921 1634 ad
951 1593 992 1634 h.
1029 1595 1111 1646 ν.);
1139 1591 1352 1635 ‘antehac’
1378 1593 1515 1635 Andr.
1546 1594 1639 1648 187,
1666 1592 1762 1648 303,
1786 1593 1882 1647 917,

312 1665 403 1715 (alt.
436 1681 503 1707 ex.
539 1682 579 1706 v.
615 1666 701 1720 15),
734 1667 867 1708 Haut.
900 1666 996 1721 270,
1039 1667 1211 1709 Phorm.
1244 1667 1283 1721 4,
1325 1667 1408 1709 Ad.
1442 1668 1508 1721 86,
1542 1667 1626 1708 250
1668 1669 1885 1719 (omnibus

306 1739 414 1781 locis
437 1739 745 1795 bisyllabum)3
773 1739 977 1796 ⁶p0stilla’
1012 1743 1123 1783 Eun.
1160 1742 1252 1794 127,
1288 1743 1417 1783 Haut.
1451 1742 1546 1795 447,
1580 1743 1752 1784 Phorrn.
1784 1743 1881 1794 347,

307 1813 401 1866 705,
438 1813 558 1868 1018,
601 1816 736 1857 Andr.
769 1815 852 1856 936
879 1817 949 1869 (de
982 1832 1065 1872 quo
1099 1817 1153 1858 cf.
1177 1817 1384 1858 Ritschel.
1418 1817 1443 1859 l.
1478 1818 1558 1870 c.)3
1586 1815 1883 1872 ‘quapropten

309 1890 484 1940 interea,
518 1897 764 1945 propterea,
798 1889 960 1946 postea'
996 1907 1093 1932 cum
1127 1893 1210 1933 sint
1249 1892 1416 1933 formae
1455 1892 1722 1943 notissimae,
1764 1891 1884 1932 locos

304 1963 588 2006 Terentianos
620 1965 689 2006 hic
721 1966 873 2007 afferre
906 1967 1182 2021 supersedeo.
1231 1965 1434 2008 Ceterum
1464 1968 1595 2008 etiam
1629 1964 1721 2018 Γ1111,
1763 1965 1882 2015 illim,

305 2037 390 2091 illo,
424 2037 507 2079 hoc
545 2039 676 2093 (huc),
710 2038 975 2095 praeterhac'
1011 2040 1079 2081 hic
1111 2040 1198 2082 illic
1230 2040 1299 2082 vel
1331 2042 1373 2081 in
1399 2040 1620 2082 Ciceronis
1654 2042 1884 2084 codicibus

303 2112 485 2153 inveniri
521 2114 692 2168 optimis
725 2121 897 2156 constat
929 2115 982 2155 cf.
1014 2115 1133 2156 Neue
1168 2115 1238 2156 112
1271 2114 1508 2167 629-633,
1543 2113 1638 2156 680.

441 2187 594 2229 Restat
626 2188 809 2245 denique
848 2195 896 2230 ut
933 2189 1134 2231 Plautum
1174 2191 1370 2245 quamvis
1410 2191 1454 2230 in
1493 2189 1750 2231 adhibendis
1792 2192 1884 2233 eius

304 2261 421 2301 modi
454 2263 602 2304 formis
633 2278 721 2305 non
753 2265 814 2305 ita
844 2263 1025 2306 multum
1050 2265 1218 2306 differat
1250 2280 1275 2305 a
1298 2265 1472 2306 Terenti
1496 2280 1704 2317 sermone,
1738 2271 1883 2306 tamen

307 2336 517 2390 imprimis
550 2353 697 2379 eorum
739 2339 1044 2381 adverbiorum
1076 2354 1186 2395 quae
1226 2355 1248 2381 e
1290 2340 1610 2394 praepositione
1651 2346 1692 2380 et
1730 2353 1885 2394 prono-

304 2411 418 2452 mine
469 2419 682 2465 constant,
736 2413 879 2468 plures
933 2429 1062 2469 quam
1113 2414 1362 2455 Terentium
1421 2414 1582 2456 formas
1634 2413 1884 2456 adhibuisse

306 2485 536 2527 afferamus
573 2487 644 2538 (cf.
675 2488 880 2530 Ritschel.
913 2488 941 2530 l.
973 2491 1045 2540 c.).

443 2559 483 2601 9.
516 2560 651 2602 Andr.
684 2561 767 2603 483
800 2562 1129 2604 Fleckeisenius
1163 2564 1360 2619 scripsit:

505 2632 638 2676 ‘nunc
669 2638 853 2690 primum
885 2638 955 2678 fac
985 2639 1070 2679 ista
1100 2643 1148 2679 ut
1177 2637 1317 2679 lavet:
1351 2643 1476 2693 poste
1509 2634 1673 2679 deinde’

306 2709 509 2761 quoniam
561 2710 595 2750 si
643 2724 739 2751 cum
788 2711 1013 2753 codicibus
1058 2708 1190 2767 ‘post’
1240 2711 1494 2766 legeremus,
1536 2707 1720 2752 ‘deinde’
1770 2715 1884 2750 esset

307 2784 686 2838 pronuntiandum.
736 2784 786 2826 Id
818 2792 961 2827 autem
997 2787 1186 2827 evitasse
1219 2786 1468 2827 Terentium
1498 2799 1543 2825 re
1574 2798 1677 2825 vera
1717 2782 1759 2823 hi
1799 2783 1883 2825 loci

307 2863 464 2906 docent
496 2864 652 2920 quibus
678 2854 809 2917 ‘'dein,
844 2852 980 2920 proin,
1015 2855 1182 2919 deinde,
1215 2853 1406 2921 prffinde'
1432 2865 1609 2918 legitur:
1643 2863 1778 2905 Andr.
1812 2863 1878 2916 79,

305 2934 401 2991 408,
435 2938 531 2991 441,
564 2938 660 2988 562,
696 2938 790 2992 707,
824 2940 934 2981 Eun.
968 2940 1034 2993 56,
1072 2939 1163 2992 106,
1197 2939 1292 2993 593,
1337 2939 1468 2980 Haut.
1501 2937 1608 2993 prol.
1642 2938 1680 2991 3,
1718 2937 1780 2991 19,
1815 2937 1882 2990 65,
