2100 3364
494 565 558 604 11.

493 1192 557 1234 13.

493 1506 557 1547 14.

495 2060 560 2102 16.

928 270 1212 311 -73-

585 399 863 453 reperiunter,
898 410 997 437 cum
1019 395 1247 436 Terentius
1269 394 1357 435 fere
1380 408 1560 448 prorsus
1588 406 1686 434 cum
1717 398 1862 448 poste-

584 474 745 514 riorum
776 478 1019 526 temporum
1049 483 1131 510 usu
1163 469 1390 510 consentit.

593 562 927 605 Coniunctivum
968 558 1182 603 ‘creduas'
1232 559 1457 601 Terentius
1505 558 1637 601 semel
1683 560 1727 600 in
1776 557 1861 600 fine

584 653 736 680 versus
770 637 958 690 admisit,
990 637 1178 691 itemque
1208 631 1328 675 ‘fuat'
1363 635 1406 675 in
1436 647 1523 674 una
1556 632 1716 688 phrasi,
1751 630 1862 673 ‘duit

591 710 757 765 (duint)'
792 726 879 753 non
911 710 1021 752 dixit
1061 711 1144 751 nisi
1185 710 1225 750 in
1263 708 1349 749 fine
1386 722 1560 749 versus:
1607 706 1788 748 Plautus
1820 714 1862 748 et

585 787 664 828 has
697 786 859 827 formas
899 786 1016 840 ipsas
1049 790 1091 826 et
1122 783 1186 824 his
1211 782 1370 823 similes
1394 782 1647 837 saepissime
1671 796 1721 823 ac
1744 779 1862 822 nulla

588 861 801 902 coercitas
832 858 928 913 lege
961 857 1152 899 adhibet.

548 986 556 994 .
590 953 772 994 Foimas
813 966 838 992 a
878 949 1021 991 verbis
1056 946 1225 1003 ‘attigo,
1274 944 1438 1002 coepio'
1489 947 1750 988 derivandas
1795 945 1862 987 bis

589 1026 720 1068 habet
743 1025 969 1066 Terentius
991 1025 1034 1064 in
1056 1023 1141 1064 fine
1158 1037 1310 1064 versus
1328 1037 1335 1063 :
1369 1021 1604 1063 eorundem
1635 1021 1864 1063 verborum

586 1100 749 1141 formas
781 1099 925 1140 varias
958 1097 1137 1153 praebet
1168 1096 1360 1137 Plautus.

589 1193 665 1234 Bis
688 1187 1080 1233 Terentius‘tetuli'
1112 1189 1297 1243 scripsit,
1321 1187 1649 1243 quaterdeciens
1680 1186 1865 1228 formam

586 1266 827 1320 volgarem:
880 1264 1059 1306 Plautus
1113 1263 1273 1318 ubique
1324 1262 1430 1317 perf.
1482 1262 1672 1316 priscum
1712 1260 1864 1315 habet3

588 1340 741 1382 eodem
771 1338 901 1380 modo
937 1352 1107 1393 semper
1128 1337 1217 1378 fere
1240 1332 1529 1391 dixit⁹parsi',
1561 1349 1660 1377 cum
1682 1335 1866 1377 formam

590 1414 911 1470 reduplicatam
943 1427 1079 1468 aeque
1112 1418 1240 1467 atque
1272 1410 1392 1452 illam
1422 1415 1605 1465 usurpat
1626 1409 1865 1452 Terentius.

590 1506 701 1548 Pers.
733 1506 843 1547 coni.
877 1510 918 1546 et
948 1504 1025 1545 fut.
1061 1518 1146 1545 sec.
1194 1503 1239 1544 in
1285 1503 1383 1543 -sim
1432 1501 1589 1554 (·xim),
1636 1516 1703 1543 -so
1756 1503 1864 1554 (-xo)

592 1580 690 1637 plus
709 1581 900 1621 centiens
923 1579 1118 1631 Plautus,
1142 1578 1370 1619 Terentius
1392 1576 1460 1617 bis
1483 1582 1601 1618 certa
1623 1583 1866 1619 commotus

588 1670 724 1696 causa
755 1653 936 1709 perfecti
967 1653 1153 1694 formam
1184 1653 1314 1694 istam
1346 1650 1556 1693 adhibuit.

593 1747 750 1802 Imper.
777 1743 902 1787 ⁶dice'
946 1751 987 1786 et
1020 1744 1160 1799 simpl.
1195 1740 1335 1785 '’duce'
1370 1743 1598 1784 Terentius
1637 1758 1864 1799 nusquam,

582 1818 706 1862 ‘face'
732 1822 777 1862 in
796 1820 881 1861 fine
903 1834 1055 1861 versus
1078 1817 1278 1860 adhibet:
1311 1817 1391 1858 hos
1414 1832 1562 1858 omnes
1584 1818 1865 1872 imperativos

588 1894 721 1936 habet
764 1893 944 1934 Plautus
987 1907 1126 1948 neque
1172 1893 1217 1933 in
1263 1896 1381 1932 certa
1425 1906 1577 1933 versus
1625 1891 1725 1933 sede
1773 1906 1866 1933 sese

589 1971 792 2011 continet.

594 2060 867 2116 Aliquotiens
893 2056 1025 2101 ‘defit'
1051 2065 1229 2114 propter
1250 2073 1402 2100 versus
1424 2058 1730 2100 necessitatem
1762 2057 1868 2099 dicit

590 2135 831 2189 Terentius,
856 2134 1062 2189 plurimas
1086 2134 1176 2175 eius
1194 2133 1312 2174 modi
1334 2132 1496 2174 formas
1520 2131 1652 2173 habet
1672 2132 1867 2173 Plautus.

288 2229 360 2271 Ex
391 2228 457 2270 his
490 2228 632 2283 igitur,
666 2233 875 2283 quantum
899 2226 1130 2267 discrimen
1150 2226 1205 2266 sit
1221 2226 1332 2266 inter
1353 2225 1495 2266 Plauti
1517 2230 1559 2265 et
1576 2224 1751 2266 Terenti
1784 2239 1868 2266 ser-

288 2317 475 2356 monem,
511 2302 627 2357 quod
659 2301 716 2342 ad
748 2301 911 2342 formas
942 2301 1111 2356 priscas
1145 2299 1199 2341 ab
1233 2306 1414 2355 utroque
1447 2298 1667 2340 adhibitas
1699 2299 1865 2348 attinet,

293 2378 386 2432 ipse
422 2376 619 2430 colligas,

430 2484 593 2528 Verum
633 2484 763 2526 etiam
804 2499 828 2525 a
867 2484 1022 2525 ceteris
1061 2484 1202 2538 poetis
1246 2483 1425 2524 comicis
1462 2481 1617 2522 mirum
1659 2486 1866 2536 quantum

296 2560 439 2602 differt
476 2559 558 2600 hac
599 2560 643 2600 in
685 2574 729 2600 re
762 2558 1002 2611 Terentius,
1038 2557 1154 2613 quod
1185 2557 1253 2598 vel
1286 2572 1340 2598 ex
1380 2557 1536 2598 laceris
1577 2555 1747 2597 illorum
1784 2555 1866 2595 fra-

289 2635 471 2689 gmentis
503 2632 629 2675 nobis
662 2632 762 2674 licet
793 2632 1010 2687 colligere.
1045 2631 1191 2674 Veluti
1228 2631 1444 2673 Caecilius
1476 2629 1609 2671 habet
1640 2629 1666 2670 5
1691 2626 1864 2680 ‘noltis⁷,

289 2708 314 2748 9
332 2705 474 2762 ‘med',
501 2706 552 2747 16
569 2705 727 2761 ⁹edim',
755 2707 804 2748 17
822 2705 1000 2763 “opin0',
1023 2705 1076 2747 29
1092 2703 1316 2761 ⁶eumpse',
1342 2705 1394 2746 75
1410 2702 1529 2757 ‘ted’,
1552 2700 1866 2757 90‘coepiam',

294 2779 374 2821 100
399 2779 409 2794 ⁹
418 2779 558 2837 puere⁷
566 2815 575 2835 ,

612 2779 692 2822 140
716 2778 949 2834 ‘limassis',
986 2780 1066 2821 176
1092 2777 1304 2833 ⁹dan1111t',
1339 2779 1421 2820 215
1438 2774 1619 2830 ''collus',
1653 2775 1735 2817 219
1756 2774 1868 2832 ‘'per-

291 2853 459 2909 bitant⁷,
491 2854 575 2895 225
600 2853 824 2911 ‘utrasque
861 2853 1021 2909 (gen.)'.
1054 2855 1187 2896 Porro
1212 2855 1387 2896 Terenti
1419 2851 1624 2908 aequales
1645 2850 1865 2906 Turpilius

294 2928 374 2969 112
400 2927 632 2982 Ἵίωειεεὶἐ,
682 2929 758 2969 121
798 2926 962 2983 ‘vagas’
1017 2928 1115 2981 (153
1157 2924 1479 2984 ‘praestolabo‘,
1531 2925 1611 2966 192
1637 2921 1860 2967 ³demeres⁷
