2100 3364
897 292 1150 332 -6-

234 416 473 470 videbatur,
497 430 625 471 quam
645 415 698 456 ob
717 430 819 469 rem,
843 430 940 458 cum
958 418 1149 459 amicitia
1168 419 1425 460 coniunctus
1449 426 1562 461 esset
1579 421 1812 463 Terentius

229 506 328 532 cum
368 490 472 531 viris
514 488 796 531 nobilissimis
830 489 1031 545 Scipione
1063 490 1270 534 Africano
1313 500 1354 534 et
1393 493 1504 535 Gaio
1547 495 1711 541 Laelio,
1754 495 1813 537 ab

228 565 293 606 his
326 563 577 605 comoedias
609 563 896 605 Terentianas
940 566 1125 619 scriptas
1167 581 1262 608 esse
1293 583 1439 609 rumor
1471 575 1584 622 erat3
1626 570 1681 610 cf.
1715 569 1810 610 Cic.

227 638 283 680 ad
314 638 449 679 Attio.
484 636 569 678 VII
601 636 638 688 3,
676 635 747 678 10:
775 635 1052 696 ‘secutusque
1086 655 1192 694 sum,
1225 656 1312 683 non
1344 642 1440 683 dico
1476 642 1736 685 Caecilium:

629 745 755 772 mane
787 736 833 771 ut
862 745 917 771 ex
948 738 1076 785 portu
1108 732 1152 773 in
1184 732 1407 774 Piraeeum

229 847 282 852 ——
317 821 456 863 malus
488 822 602 862 enim
634 827 785 863 auctor
816 821 1069 864 Latinitatis
1102 829 1167 864 est
1197 848 1251 852 —
1286 824 1361 865 sed
1391 825 1653 873 Terentium,
1687 827 1811 868 cuius

222 895 391 938 abellae
430 902 606 951 propter
651 895 909 950 elegantiam
953 898 1162 939 sermonis
1203 898 1477 953 putabantur
1516 915 1541 940 a
1574 898 1620 941 C.
1654 900 1807 941 Laelio

228 967 382 1012 scribi?
417 970 520 1012 Vita
544 969 718 1011 Terenti
746 969 938 1027 (Sueton.
962 971 1028 1012 ed.
1052 971 1360 1014 Reifferscheid
1383 988 1422 1027 p.
1446 972 1514 1027 32,
1547 972 1615 1029 2):
1642 972 1809 1030 rNepos

232 1050 411 1086 auctore
444 1049 560 1085 certo
598 1042 652 1098 (P)
695 1045 959 1099 comperisse
1002 1060 1046 1086 se
1089 1046 1148 1086 ait
1190 1044 1238 1086 C.
1280 1046 1479 1089 Laelium
1504 1080 1512 1089 .
1536 1080 1544 1088 .
1571 1080 1580 1089 .
1604 1080 1612 1089 .
1647 1048 1811 1091 dixisse

230 1133 316 1160 non
351 1133 481 1173 saepe
504 1119 547 1158 in
572 1117 799 1159 scribendo
823 1119 962 1174 magis
986 1118 1070 1161 sibi
1096 1121 1382 1162 successisse:
1417 1121 1572 1164 deinde
1593 1129 1808 1177 rogatum⁷

226 1198 273 1234 ut
324 1194 485 1247 scripta
532 1191 607 1233 illa
653 1192 886 1247 proferret,
936 1195 1241 1248 pronuntiasse
1287 1210 1438 1237 versus
1488 1197 1558 1251 qui
1611 1203 1710 1238 sunt
1765 1199 1810 1239 in

226 1267 431 1308 Heauton
462 1267 772 1307 timorumeno:

325 1340 441 1382 Satis
473 1341 547 1396 pol
579 1347 780 1396 proterve
811 1356 879 1382 me
913 1341 1011 1396 Syri
1043 1345 1260 1397 promissa
1289 1344 1374 1385 huc
1405 1343 1692 1387 induxerunt.⁷

226 1415 338 1457 Ibid.
387 1419 443 1470 (p.
477 1413 543 1467 30,
595 1414 688 1467 14):
736 1413 801 1456 ΓΟ.
844 1415 1074 1458 Memmius
1105 1418 1147 1458 in
1183 1420 1378 1460 oratione
1409 1433 1487 1473 pro
1521 1434 1589 1460 se:
1626 1419 1809 1461 Publius

229 1489 476 1542 Africanus,
523 1490 673 1544 inquit,
721 1504 748 1530 a
779 1489 980 1531 Terentio
1015 1506 1245 1546 personam
1278 1498 1500 1534 mutuatus
1533 1509 1643 1550 quae
1690 1495 1809 1536 domi

228 1563 392 1605 luserat
421 1564 515 1618 ipse
546 1563 720 1605 nomine
751 1563 866 1605 illius
898 1565 942 1606 in
974 1580 1175 1607 scaenam
1210 1565 1382 1608 detulit?
1429 1567 1607 1609 Auctar.
1640 1569 1806 1611 Donati

227 1639 285 1694 (p.
331 1637 397 1692 35,
439 1636 509 1693 4):
550 1635 787 1693 ‘Scipionis
833 1638 1006 1680 fabulas
1054 1640 1243 1682 edidisse
1284 1641 1534 1683 Terentium
1575 1642 1807 1697 Vallegius

226 1712 293 1767 [de
324 1714 497 1755 nomine
530 1713 583 1754 cf.
618 1713 644 1754 l.
677 1727 713 1754 c.
746 1728 787 1768 p.
821 1712 903 1754 528
938 1713 1046 1770 sqq.]
1079 1716 1122 1755 in
1154 1717 1326 1757 actione
1358 1717 1439 1757 ait:

487 1799 608 1841 Tuae
642 1814 753 1854 quae
782 1806 996 1842 vocantur
1026 1800 1203 1843 fabulae
1236 1803 1414 1843 cuiaene
1448 1809 1547 1844 sunt

489 1874 695 1915 Terenti?
726 1888 813 1915 non
844 1874 923 1916 has
955 1876 1049 1916 iura
1083 1877 1153 1930 qui
1186 1877 1359 1931 populis
1392 1877 1528 1919 dabat

487 1947 663 1989 Summo
696 1948 767 1989 ille
798 1948 962 1991 honore
995 1950 1175 1992 affectus
1207 1951 1310 1992 fecit
1340 1951 1512 1993 fabulas
1525 1949 1557 1992 ’.Ὺ

225 2033 402 2085 Quintil.
425 2033 470 2074 X
496 2034 532 2087 1,
556 2032 632 2074 99:
659 2031 779 2075 ‘lieet
799 2034 989 2076 Terentii
1013 2037 1176 2091 scripta
1199 2036 1255 2077 ad
1274 2036 1524 2092 Scipionem
1548 2036 1804 2079 Africanum

223 2108 486 2149 referantur:
535 2123 645 2162 quae
692 2114 837 2150 tamen
885 2115 983 2150 sunt
1028 2110 1071 2150 in
1118 2110 1201 2152 hoc
1248 2126 1405 2165 genere
1447 2111 1802 2166 elegantissima.

224 2182 422 2237 Denique
464 2182 621 2224 Santra
668 2184 757 2235 (vit.
798 2198 838 2239 p.
881 2184 948 2238 31,
993 2182 1060 2236 10)
1110 2200 1196 2227 non
1240 2186 1488 2242 Scipionem
1530 2193 1571 2228 ct
1602 2188 1805 2230 Laelium

223 2258 295 2311 qui
336 2262 426 2298 tum
475 2257 789 2300 adulescentuli
837 2258 1056 2313 fue1·int³),
1111 2260 1187 2302 sed
1235 2259 1281 2302 C.
1324 2260 1563 2317 Sulpicium
1611 2261 1800 2316 Gallum,

226 2330 276 2382 Q.
317 2329 504 2372 Fabium
545 2331 812 2386 Labeonem,
861 2333 919 2374 M.
966 2333 1198 2389 Popillium
1230 2336 1431 2383 Terentio
1472 2337 1514 2378 in
1558 2337 1794 2379 scribendo

225 2404 443 2447 adiutores
476 2406 611 2448 fuisse
644 2405 790 2448 tradit,

353 2498 602 2539 Terentium
636 2504 779 2540 autem
811 2499 953 2554 ipsum
995 2499 1047 2541 de
1088 2500 1171 2542 hoc
1211 2516 1381 2543 rumore
1423 2502 1629 2544 edoctum
1663 2503 1804 2545 fuisse

221 2572 287 2613 his
318 2571 516 2614 versibus
549 2579 754 2628 apparet:
787 2572 972 2629 Adelph.
1005 2574 1114 2630 prol.
1146 2590 1187 2616 v.
1225 2575 1274 2616 15
1308 2591 1424 2632 sqq.:

358 2656 489 2699 “Nam
522 2659 639 2714 quod
670 2660 740 2700 isti
773 2659 922 2701 dicunt
953 2660 1170 2715 malevoli,
1202 2661 1397 2703 homines
1429 2661 1598 2704 nobiles

359 2732 471 2773 Eum
503 2733 699 2775 adiutare
732 2733 999 2790 adsidueque
1030 2750 1116 2776 una
1150 2735 1361 2778 scribere:

359 2805 489 2858 Quod
518 2806 579 2850 illi
612 2807 890 2850 maledictum
920 2809 1152 2852 vehemens
1185 2825 1280 2852 esse
1313 2811 1577 2865 existimant,

361 2951 385 2988 δ’,
414 2953 466 2987 Cf.
495 2954 645 2996 Sauppe,
670 2955 908 2988 Nachriehten
936 2957 998 2989 der
1024 2956 1183 3000 Gotting.
1211 2957 1406 2992 Gesellsch.
1435 2959 1521 2990 1870
1548 2970 1579 3001 p.
1609 2960 1683 2993 119.
