2100 3364
979 279 1257 320 ..68-

336 406 394 448 ib.
422 404 522 446 716:
551 403 653 459 'quo
675 404 793 445 non?
814 418 953 459 neque
974 403 1145 445 fabrica
1161 403 1223 445 illi
1254 403 1341 445 ulla
1359 411 1452 445 erat
1474 418 1552 445 nec
1571 404 1745 446 fratrem
1768 402 1908 446 homo⁷

543 478 601 531 (A
626 475 705 519 ‘illi
737 477 905 520 fabrica
920 474 1035 531 ullas,
1057 477 1601 546 transposuffientleius3
1629 475 1708 519 ‘illi
1729 477 1908 520 fabrioa'

543 552 701 594 omisso
727 549 844 594 ‘ulla'
864 551 1085 594 Dziatzko
1106 551 1453 593 Fleckeisenium
1477 558 1648 594 secutus
1673 553 1743 607 qui
1765 558 1911 594 tamen

536 624 652 668 ‘illic'
688 627 895 682 scripsit),

341 701 514 744 Phorm.
545 700 649 742 572:
678 699 754 743 ‘ad
784 703 853 742 me
885 700 1127 756 profectam
1160 715 1257 742 esse
1279 699 1441 742 aibant.
1476 699 1592 752 Quid
1613 700 1673 741 illi
1704 702 1792 741 tam
1825 699 1909 742 diu⁷

544 775 710 828 (Fleck.
744 781 786 816 et
816 774 975 829 Wagn.
1005 771 1158 826 ‘illie'),

336 850 421 894 Ad.
453 849 557 892 525:
599 847 736 905 ‘prius
766 863 857 890 nox
880 849 1170 904 oppressisset
1200 847 1276 899 illi,
1311 862 1442 903 quam
1473 847 1557 890 huc
1587 848 1743 890 reverti
1764 849 1915 902 posset

542 920 722 977 iterum',
768 922 844 965 sed
874 923 918 964 in
955 937 1084 964 versu
1117 928 1322 978 sequente
1361 922 1490 963 etiam
1522 921 1563 963 A
1594 922 1746 964 habet:
1775 919 1911 964 ‘nunc

539 996 613 1039 ubi
644 1012 712 1038 me
743 995 830 1038 illic
868 997 956 1038 non
994 995 1171 1050 videbit,
1212 997 1299 1037 iam
1336 995 1421 1038 huc
1451 1002 1654 1050 recurret,
1696 998 1762 1038 sat
1793 993 1911 1049 scio',

541 1086 626 1127 qua
655 1086 700 1112 re
733 1071 825 1113 sine
857 1070 987 1113 dubio
1028 1071 1237 1113 commoti
1267 1070 1485 1112 Fleckeis.
1517 1076 1559 1112 et
1589 1069 1749 1124 Wagn.
1781 1070 1911 1111 etiam

539 1146 583 1187 in
616 1145 899 1188 antecedente
931 1160 1058 1187 versu
1083 1141 1190 1187 ‘illi'c
1214 1147 1492 1200 scripserunt,
1529 1144 1605 1187 sed
1634 1146 1779 1200 potius
1811 1159 1913 1186 con-

539 1221 718 1261 trarium
756 1234 855 1261 cum
886 1219 1116 1276 Spengelio
1154 1219 1224 1271 (cf.
1258 1219 1359 1261 edit.
1391 1218 1594 1275 append.)
1635 1218 1911 1261 statuendum

540 1309 635 1336 esse
666 1294 848 1336 videtur.

471 1368 632 1410 Forma
663 1383 741 1424 per
770 1369 989 1410 inscitiam
1036 1367 1311 1410 librariorum
1356 1369 1400 1409 in
1448 1368 1647 1410 omnibus
1687 1366 1915 1410 codicibus

335 1448 509 1485 servata
538 1449 605 1485 est
635 1442 718 1484 Ad.
753 1442 854 1484 116:
882 1440 1004 1484 ‘mihi
1036 1443 1210 1498 peccat:
1259 1457 1338 1497 ego
1371 1442 1433 1484 illi
1464 1444 1713 1484 maxumam
1745 1443 1913 1497 partem

333 1515 450 1571 fero’,
482 1517 654 1559 Phorm.
689 1516 791 1558 772:
832 1515 1087 1559 ‘verissime
1130 1516 1189 1559 Ut
1221 1516 1474 1559 stultissime
1513 1516 1686 1572 quidem
1726 1516 1787 1558 illi
1822 1531 1913 1558 rem

335 1589 604 1647 gesserimus'
640 1592 711 1643 (cf.
743 1591 903 1647 Wagn.
937 1598 980 1633 et
1017 1592 1236 1633 Dziatzko
1270 1591 1326 1633 ad
1365 1591 1405 1632 h.
1438 1593 1515 1644 v.);
1562 1592 1720 1633 etenim
1758 1605 1915 1643 prono-

334 1667 461 1708 minis
513 1666 706 1708 dativum
758 1666 916 1708 adesse
960 1667 1031 1708 isti
1079 1665 1382 1722 opinabantur.
1433 1666 1664 1708 Praeterea
1709 1665 1913 1707 Donatus

331 1738 420 1782 ‘illi'
456 1741 560 1796 legit
581 1740 715 1782 Andr.
749 1740 845 1793 638,
879 1755 1005 1796 quem
1040 1741 1100 1782 sic
1123 1740 1240 1782 dedit
1262 1740 1659 1795 Umpfenbachius:
1687 1737 1780 1781 ‘ubi
1803 1740 1912 1795 opus

334 1821 418 1857 est:
467 1815 529 1857 illi
573 1814 647 1857 ubi
692 1814 799 1856 nihil
846 1817 987 1870 opust,
1020 1814 1079 1856 ibi
1112 1812 1337 1868 verentur’‚
1386 1815 1519 1857 multo
1568 1816 1726 1857 rectius
1761 1815 1916 1870 opinor

335 1905 465 1946 quam
505 1889 845 1944 Fleckeisenius‚
889 1889 962 1945 qui
1003 1889 1196 1944 scripsit:
1231 1887 1324 1931 ‘ubi
1366 1892 1512 1945 opust:
1555 1889 1643 1930 illic
1682 1886 1820 1938 ubi39)
1852 1887 1912 1929 nil

333 1966 462 2020 opust
492 1964 552 2006 ibi
593 1961 821 2018 verentur'‚
865 1978 1129 2020 quamquam
1171 1963 1224 2005 de
1266 1963 1348 2005 hoc
1389 1970 1430 2005 et
1462 1963 1745 2005 antecedente
1785 1977 1914 2004 versu

336 2038 529 2081 nondum
563 2041 668 2082 satis
701 2046 904 2081 constare
934 2038 1038 2080 mihi
1068 2038 1252 2080 videtur.

472 2112 633 2157 Contra
666 2113 838 2155 codices
870 2120 1050 2168 propter
1080 2118 1266 2154 metrum
1293 2109 1382 2153 ‘illi'
1420 2110 1696 2153 scribendum
1729 2116 1815 2153 est:

471 2188 605 2230 Andr.
641 2187 742 2229 745:
769 2186 892 2244 “quid
913 2187 1112 2230 turbaest
1133 2187 1251 2243 apud
1270 2186 1443 2229 forum?
1476 2186 1578 2243 quid
1599 2185 1660 2227 illi
1692 2185 1913 2227 hominum

331 2260 528 2319 litigant'‚

471 2338 579 2380 Hec.
597 2336 672 2378 94:
691 2336 810 2379 ‘nain
833 2337 919 2379 illi
941 2337 1058 2380 haud
1074 2337 1234 2379 licebat
1250 2338 1333 2378 nisi
1365 2335 1591 2391 praefinito
1610 2334 1727 2390 loqui
1752 2332 1759 2388 Ι
1789 2333 1912 2386 Quae

335 2413 396 2455 illi
426 2413 668 2469 placerent.
687 2411 714 2455 .'
755 2413 972 2465 (Donatus
998 2410 1122 2466 ‘illi'),

470 2488 526 2530 ib.
558 2487 664 2529 217:
699 2485 850 2529 ‘multo
885 2487 1037 2529 melius
1070 2486 1139 2528 hic
1173 2500 1294 2542 quae,
1314 2485 1423 2528 fiunt
1456 2499 1583 2540 quam
1616 2483 1678 2525 illi
1709 2481 1782 2523 ubi
1816 2496 1910 2523 sum

334 2561 516 2604 adsidue}
549 2559 667 2615 scio',

468 2634 526 2676 ib.
558 2634 662 2675 438:
699 2632 804 2676 ‘non
849 2635 991 2690 posse,
1038 2649 1092 2676 ne
1133 2649 1201 2675 me
1239 2634 1401 2675 frustra
1432 2632 1494 2674 illi
1526 2632 1751 2688 exspectet
1782 2628 1912 2683 vola’‚

470 2708 554 2752 Ad.
587 2708 690 2750 577:
718 2707 987 2766 ‘quodnamP
1019 2709 1086 2751 Illi
1118 2709 1191 2751 ubi
1223 2710 1353 2751 etiam
1378 2708 1608 2764 caprificus
1641 2708 1799 2761 magna
1831 2711 1907 2746 est.

335 2784 461 2825 Novi.
493 2784 590 2825 Hac
621 2782 816 2839 pergito’.

473 2890 513 2932 ³⁹)
537 2886 607 2922 ‘Illi
635 2886 704 2923 ubi'
734 2891 917 2924 sollemnis
951 2902 1026 2923 esse
1053 2891 1195 2923 videtur
1219 2890 1372 2923 formula
1398 2890 1491 2933 apud
1517 2890 1724 2921 Terentium
1751 2888 1792 2920 ef.
1820 2887 1911 2919 Hec.

337 2948 413 2987 217,
439 2947 504 2978 Ad.
531 2948 605 2979 577.
