2100 3364
900 287 954 291 -,
1017 262 1038 302 7
1100 287 1153 290 —

352 388 462 430 Eam
492 388 666 429 laudem
698 386 766 427 hic
800 386 920 428 ducit
951 402 1216 440 maxumam,
1250 401 1347 429 cum
1379 387 1463 428 illis
1496 387 1652 443 placet,

355 462 438 515 Qui
467 462 592 504 vobis
624 462 836 503 universis
869 468 911 502 et
943 461 1104 515 populo
1138 461 1326 515 placent,

354 537 545 589 Quorum
579 551 710 591 opera
741 537 785 577 in
816 535 944 589 bello,
979 536 1022 576 in
1056 536 1156 589 otio,
1189 538 1232 577 in
1262 537 1436 590 negotio

354 610 440 653 Suo
474 612 654 667 quisque
686 616 880 665 tempore
911 624 1016 651 usus
1049 615 1117 651 est
1149 609 1239 651 sine
1273 608 1498 665 superbia.'

218 685 487 726 Hautontim.
521 683 629 739 prol.
661 699 701 725 v.
735 683 789 723 22
822 698 938 738 sqq.:

390 756 517 800 ‘Tum
551 758 666 813 quod
697 757 936 799 malevolus
968 762 1091 798 vetus
1124 762 1254 812 poeta
1287 757 1469 812 dictitat,

377 834 571 889 Repente
604 832 656 874 ad
691 832 879 874 studium
911 831 1025 873 hunc
1059 846 1103 872 se
1136 831 1381 886 applicasse
1412 833 1625 875 musicum

378 907 578 949 Amicum
609 907 780 962 ingenio
815 907 983 959 fretum,
1017 905 1134 948 haud
1164 912 1321 947 natura
1353 904 1455 948 sua?

216 981 312 1033 Qua
345 981 397 1022 de
436 996 481 1023 re
512 980 648 1022 multa
689 981 910 1035 disputata
953 986 1051 1022 sunt
1091 986 1132 1021 et
1163 996 1300 1036 nuper
1330 980 1521 1023 Ioannes
1551 980 1791 1024 Vahlenius

217 1054 388 1106 (Annal.
422 1055 616 1097 academ.
648 1054 791 1097 Berol.
827 1053 936 1095 1876
983 1069 1024 1109 p.
1060 1053 1139 1094 797
1175 1055 1256 1110 sq.)
1301 1060 1439 1096 totam
1469 1070 1559 1097 rem
1590 1055 1737 1097 fictam
1770 1072 1792 1097 e

215 1129 383 1172 duobus
415 1130 500 1172 illis
532 1129 809 1185 prologorum
839 1129 948 1170 locis
981 1144 1076 1171 esse
1097 1129 1395 1171 demonstrare
1418 1129 1673 1172 conabatur.
1706 1130 1792 1172 Sed

215 1205 315 1246 licet
347 1204 612 1247 concedatur
657 1219 743 1257 eos,
792 1204 863 1259 qui
908 1203 963 1246 de
1009 1203 1091 1244 hac
1137 1218 1183 1244 re
1228 1203 1364 1245 verba
1404 1204 1572 1246 faciunt
1612 1218 1792 1260 eamque

215 1284 389 1320 nostrae
420 1279 653 1320 memoriae
697 1278 980 1331 tradiderunt,
1022 1277 1127 1319 nihil
1170 1276 1288 1318 aliud
1326 1277 1531 1320 habuisse
1571 1279 1791 1334 cognitum

214 1354 295 1394 nisi
323 1353 438 1408 quod
454 1368 533 1394 nos
554 1367 724 1408 quoque
745 1368 767 1394 e
785 1351 955 1394 duobus
976 1351 1060 1392 illis
1081 1352 1359 1407 prologorum
1380 1353 1488 1395 locis
1506 1353 1790 1395 coniectando

214 1442 446 1482 possumus
470 1428 653 1481 efficere,
687 1434 831 1468 tamen
852 1427 895 1468 hi
918 1427 1003 1468 loci
1028 1427 1111 1481 ipsi
1133 1442 1223 1468 rem
1248 1432 1337 1468 tam
1360 1434 1509 1482 aperte
1532 1428 1791 1482 significant,

214 1508 260 1543 ut
292 1502 491 1557 equidem
522 1502 707 1555 ingenue
738 1502 879 1543 fatear
918 1516 985 1542 me
1028 1516 1115 1542 non
1156 1515 1287 1556 posse
1326 1501 1567 1557 amplexari
1603 1501 1789 1544 Vahleni

220 1578 492 1618 sententiam.
527 1575 727 1618 Ceterum
751 1575 960 1631 quidquid
984 1575 1036 1617 de
1059 1575 1141 1616 hac
1163 1590 1210 1617 re
1230 1575 1511 1617 iudicandum
1538 1582 1616 1629 est,
1642 1582 1793 1618 nostra

213 1650 512 1692 tantummodo
564 1650 695 1691 refert
746 1665 801 1692 ex
850 1650 933 1691 hoc
981 1665 1152 1692 rumore
1204 1649 1300 1691 luce
1347 1649 1508 1692 clarius
1550 1650 1792 1691 redundare

214 1725 440 1767 Terenti
463 1739 765 1766 sermonem
787 1724 872 1766 vel
891 1724 1256 1779 Scipionibus
1276 1723 1554 1766 etLaeliis
1574 1724 1793 1778 dignum

214 1815 336 1841 esse
366 1799 632 1841 habitum.

349 1891 473 1932 Nunc
490 1890 728 1944 videamus,
753 1890 908 1946 quibus
931 1891 1207 1945 potissimum
1230 1891 1374 1933 causis
1398 1890 1605 1932 commoti
1626 1895 1793 1931 veteres

217 1965 392 2007 Terenti
425 1979 560 2019 genus
594 1964 766 2006 dicendi
796 1966 928 2006 tantis
962 1965 1141 2006 efferant
1172 1964 1391 2007 laudibus,

351 2039 417 2080 Ac
459 2038 610 2081 Cicero
652 2045 825 2093 praeter
862 2039 1007 2081 locum
1050 2054 1181 2094 supra
1221 2040 1307 2080 iam
1349 2037 1541 2092 allatum,
1585 2052 1669 2093 quo
1711 2036 1792 2078 ele-

214 2114 406 2166 gantiam
440 2115 650 2155 sermonis
681 2113 844 2167 laudat,
878 2114 921 2154 in
954 2113 1137 2155 Limone
1171 2113 1263 2168 (vit.
1296 2114 1393 2155 Ter.
1429 2128 1470 2168 p.
1503 2110 1571 2166 34,
1608 2112 1646 2162 1)
1683 2110 1790 2152 haec

215 2187 384 2229 habuit:

322 2259 406 2302 “Tu
439 2277 609 2317 quoque
642 2263 713 2317 qui
747 2261 863 2303 solus
896 2261 1007 2303 lecto
1043 2276 1252 2315 sermone,
1285 2261 1489 2314 Terenti,

328 2333 595 2377 Conversum
628 2350 969 2391 expressumque
1001 2336 1138 2377 latina
1170 2351 1279 2378 voce
1312 2334 1600 2376 Menandrum

328 2410 378 2450 In
409 2409 598 2451 medium
631 2409 757 2451 nobis
791 2410 953 2452 sedatis
985 2410 1175 2452 motibus
1208 2409 1382 2459 affers⁴)

328 2483 547 2535 Quiddam
579 2498 701 2525 come
733 2483 913 2539 loquens
947 2490 1077 2539 atque
1111 2485 1255 2525 omnia
1287 2483 1432 2525 dulcia
1464 2480 1675 2524 miscens.²

215 2556 292 2599 Cui
338 2558 479 2598 versui
526 2558 761 2599 novissimo
803 2572 929 2613 quem
972 2573 994 2599 c
1029 2558 1238 2600 Ritscheli
1285 2558 1541 2600 recensione
1588 2556 1788 2598 dedimus

212 2632 358 2673 nescio
392 2646 446 2672 an
478 2631 643 2684 melius,
677 2631 793 2686 quod
825 2631 998 2686 quidem
1030 2632 1084 2673 ad
1117 2647 1291 2674 sensum
1323 2633 1488 2684 attinet,
1526 2630 1790 2683 consulatur,

215 2707 247 2746 si
285 2705 525 2747 scribamus
558 2720 654 2747 cum
691 2705 934 2747 codicibus:

305 2777 544 2831 ‘Quiddam
575 2794 698 2821 come
729 2779 908 2834 loquens
940 2785 1070 2834 atque
1104 2781 1248 2821 omnia
1280 2779 1422 2820 dulcia
1456 2776 1671 2820 dicens?

351 2927 374 2969 ἰ)
398 2927 616 2959 Ritschelius
644 2928 677 2958 in
705 2928 796 2961 Mus.
822 2927 935 2961 Rhen,
962 2927 1118 2964 XV,628
1144 2937 1206 2968 pro
1231 2921 1369 2961 ‘effers',
