2100 3364
805 272 1083 311 —51—

161 414 258 440 cum
289 399 550 453 posteriores
598 397 830 451 scriptores
876 396 991 438 haud
1023 398 1083 437 ita
1114 411 1211 437 raro
1245 395 1310 437 his
1341 395 1491 437 formis
1536 399 1725 445 utuntur,

160 480 250 514 tum
283 473 533 528 saepissime
565 470 742 512 Plautus
776 470 828 512 cf.
860 471 980 511 Neue
1012 470 1074 510 112
1106 469 1200 510 611.

292 599 333 642 ΙΙ.
368 597 549 641 Formae
583 594 634 637 ad
669 595 904 638 verborum
938 593 1275 638 terminationes
1309 593 1597 648 pertinentes.

299 714 334 752 1.
367 711 552 752 Formae
599 710 717 751 verbi
760 708 1017 750 substantivi
1067 709 1282 749 coniunct.
1332 708 1546 762 pleniores
1588 707 1726 763 '‘sieni,

163 788 245 828 sies
278 783 369 828 etc?
404 787 455 826 in
486 785 594 826 fine
625 798 814 825 versus
848 783 1066 837 leguntur:

160 860 295 902 Andr.
328 859 423 908 234,
457 859 552 912 288,
586 858 680 913 390,
714 857 809 911 408,
843 858 938 906 424,
973 858 1068 910 454,
1101 858 1197 911 586,
1231 858 1325 905 626,
1358 858 1453 899 919.

160 935 270 976 Eun.
305 934 370 979 66,
417 934 509 987 192,
550 932 646 983 307,
689 933 784 981 314,
826 934 921 981 325,
962 934 1057 987 351,
1100 932 1195 984 374,
1228 933 1324 986 394,
1366 932 1461 985 529,
1495 932 1590 985 555,
1632 932 1727 986 566,

366 1008 459 1059 726,
494 1009 588 1061 885,
623 1007 717 1054 970,
752 1007 846 1061 986,
884 1006 1005 1049 1061.
1510 1029 1511 1032 ¹

160 1084 291 1124 Haut.
325 1084 390 1130 65,
432 1081 526 1136 210,
569 1083 664 1131 211,
705 1082 800 1135 221,
842 1082 937 1134 237,
972 1082 1066 1129 251,
1109 1081 1203 1125 415,
1238 1080 1333 1135 450,
1376 1081 1471 1135 452,
1505 1080 1599 1133 456,
1634 1080 1728 1130 620,

366 1156 459 1209 805,
495 1156 616 1203 1015,
652 1155 774 1197 1018.

160 1232 330 1274 Phorm.
354 1231 449 1284 446,
482 1230 576 1275 508,
611 1230 706 1283 514,
740 1230 835 1283 635,
870 1230 964 1283 675,
999 1229 1092 1279 806,
1127 1230 1222 1272 887.

160 1308 267 1348 Hec.
304 1306 396 1359 145,
433 1306 525 1358 193,
559 1304 654 1352 330,
688 1305 782 1353 388,
816 1304 911 1357 493,
945 1304 1042 1358 509,
1075 1304 1170 1352 547,
1204 1304 1298 1345 573.

162 1381 244 1423 Ad.
279 1381 344 1434 83,
379 1380 474 1433 282,
507 1379 602 1432 298,
637 1380 731 1429 354,
766 1380 861 1432 361,
895 1378 990 1426 398,
1025 1378 1119 1425 612,
1154 1378 1248 1427 684,
1275 1378 1368 1432 712,
1394 1379 1490 1431 852,
1515 1377 1609 1432 890,
1634 1378 1729 1421 976.

294 1455 345 1496 In
376 1455 461 1519 {ine
494 1461 637 1496 autem
669 1455 823 1508 prioris
856 1455 1095 1496 tetrametri
1128 1455 1287 1508 partis:

163 1530 335 1571 Phorm.
368 1520 470 1590 8⁹82:
514 1527 639 1583 ⁰quas
687 1530 785 1570 cum
832 1544 899 1570 res
948 1528 1160 1570 adversae
1208 1530 1318 1570 sient
1354 1530 1371 1581 ΙΙ
1406 1527 1535 1583 paulo
1570 1528 1731 1569 mederi

365 1601 534 1659 possis',

160 1678 268 1719 Hec.
304 1677 405 1719 737;
433 1676 552 1720 ¹'nam
584 1694 635 1720 ea
657 1681 797 1720 aetate
829 1679 915 1719 iam
939 1693 1043 1731 sum,
1076 1684 1123 1718 ut
1144 1679 1230 1719 non
1253 1679 1332 1719 siet
1369 1678 1386 1730 Η
1422 1680 1604 1733 peccato
1628 1677 1731 1718 mihi

365 1754 529 1807 ignosci
567 1751 759 1808 aequom'
802 1750 904 1804 (‘sit'
941 1752 1013 1803 A).

296 1827 427 1867 Falso
452 1827 652 1881 leguntur
668 1828 834 1868 formae
857 1827 1070 1882 pleniores
1084 1829 1126 1868 in
1146 1828 1319 1882 optimis
1341 1827 1462 1868 libris
1485 1825 1618 1868 Andr.
1637 1825 1731 1879 619,

161 1900 292 1942 Haut.
327 1901 421 1955 826,
454 1901 626 1943 Phorm.
660 1901 755 1955 825,
788 1902 898 1943 Hec.
932 1901 1027 1955 246,
1062 1901 1157 1955 334,
1191 1901 1286 1955 878,
1319 1901 1403 1942 Ad.
1435 1900 1518 1941 429
1556 1898 1730 1953 (ΑΓΞῘΕ)

162 1981 290 2030 atque
320 1976 478 2031 ubique
510 1977 552 2017 in
583 1976 668 2017 fine
700 1991 864 2029 versus,
914 1976 1027 2017 unde
1060 1982 1192 2031 patet,
1226 1978 1314 2017 iam
1344 1976 1545 2017 librarios
1577 1977 1619 2017 in
1650 1976 1732 2017 hac

162 2051 370 2105 imprimis
416 2066 567 2092 versus
621 2052 721 2093 sede
761 2052 1010 2093 Terentium
1061 2067 1134 2093 eas
1183 2051 1432 2093 adhibuisse
1478 2056 1594 2093 recte
1640 2066 1733 2107 per-

165 2125 436 2180 spexisseffl).
470 2126 595 2178 Quae
627 2141 725 2168 cum
757 2127 818 2168 ita
851 2128 935 2168 sint
967 2128 1099 2168 etiam
1131 2127 1239 2168 Hec.
1274 2126 1357 2167 485
1390 2132 1544 2167 contra
1576 2124 1735 2167 A⁹sim

162 2201 391 2254 legencium
438 2208 503 2242 est
535 2216 610 2256 pro
653 2199 804 2254 ⁰siem',
854 2202 969 2256 quod
1017 2202 1302 2243 defenderunt
1332 2201 1659 2242 Fleckeisenius
1693 2206 1735 2242 et

164 2274 422 2329 VVagnerus,
464 2278 533 2330 qui
560 2273 763 2317 ‘tandem’
799 2277 1072 2318 inseruerunt
1103 2283 1145 2318 et
1175 2291 1350 2318 versum
1380 2276 1612 2329 trochaice,
1647 2290 1731 2317 non

164 2349 347 2391 iambicc
396 2350 658 2391 metiendum
710 2366 804 2393 esse
857 2357 1120 2393 statuerunt:
1168 2349 1343 2406 ⁹quibus
1395 2352 1468 2391 iris
1521 2349 1734 2405 impulsus

162 2424 338 2465 tandem
385 2427 499 2466 nunc
531 2426 574 2465 in
606 2425 725 2466 illam
770 2426 960 2486 112ti&
988 2424 1135 2467 siens?
1187 2425 1274 2467 Sed
1306 2440 1402 2467 cum
1435 2425 1533 2467 inde
1566 2425 1619 2466 ab
1652 2424 1734 2466 hoc

162 2513 291 2540 versu
321 2513 436 2539 nova
469 2500 618 2552 oratio,
653 2515 762 2555 quae
796 2501 976 2542 senariis
1017 2500 1216 2541 iambicis
1249 2501 1504 2550 continetur,
1540 2501 1732 2554 incipiat,

163 2572 268 2614 nihil
300 2573 553 2615 mutandum
574 2575 655 2616 nisi
677 2575 781 2616 illud
797 2573 931 2616 ‘siem'
946 2570 1050 2659 luno
1074 2575 1286 2617 Bembino
1310 2575 1515 2616 traditum
1539 2582 1732 2628 apparet.

302 2717 343 2759 ³¹)
370 2719 495 2760 Itaque
522 2722 616 2750 recte
638 2718 811 2750 Dziatzko
839 2718 883 2750 ad
901 2718 966 2749 Ad.
992 2719 1056 2750 611
1084 2720 1118 2749 in
1139 2718 1308 2760 append:
1333 2714 1394 2750 ‘Es
1413 2718 1499 2749 lasst
1526 2717 1601 2749 sich
1628 2719 1735 2750 beob-

165 2773 303 2814 achten‚
331 2775 413 2807 dass
439 2775 494 2807 die
523 2775 712 2807 Schreiber
737 2776 799 2808 der
824 2776 1105 2808 Terenzcodices
1131 2776 1238 2807 ofters
1281 2775 1390 2807 durch
1429 2775 1485 2807 die
1519 2775 1735 2817 gewiihltere

164 2831 270 2862 Form
295 2831 371 2863 sich
409 2832 476 2864 den
503 2834 603 2873 Text,
641 2834 707 2865 wie
745 2834 795 2865 sie
833 2834 1000 2874 meinten,
1038 2828 1307 2865 verbesserten'.
1334 2852 1376 2855 —
1409 2832 1450 2862 In
1487 2833 1603 2864 medio
1629 2843 1735 2864 versu

166 2888 277 2920 forma
301 2888 389 2921 falso
414 2889 546 2932 legitur
570 2891 662 2924 Eun.
689 2892 764 2931 562,
792 2891 879 2922 Hec.
906 2891 971 2922 860
1000 2890 1041 2934 [A
1054 2888 1096 2932 D]
1134 2894 1167 2921 et
1200 2891 1235 2920 in
1263 2890 1426 2921 omnibus
1460 2889 1562 2921 libris
1594 2894 1735 2931 praeter

165 2947 195 2978 A
221 2948 312 2981 Eun.
338 2947 403 2978 479
428 2946 551 2991 (Andr,
577 2950 642 2980 467
669 2948 765 2992 BD).

1549 3015 1599 3047 4-1(-

1794 2566 1924 2637 sffl
