2100 3364
800 237 1082 278 —69-

296 364 379 417 Qui
409 369 575 406 restant
604 363 688 404 loci
720 368 946 418 utramque
977 363 1162 405 formam
1195 363 1428 405 admittunt
1458 363 1594 406 Andr.
1632 363 1726 417 720,

154 439 266 480 Eun.
302 437 394 489 130,
442 438 574 479 Haut.
607 435 702 489 834,
737 435 831 489 882,
880 437 987 478 Η60.
1025 437 1117 491 185,
1149 436 1233 479 Ad.
1266 437 1349 479 526
1383 438 1451 490 (de
1484 453 1567 494 quo
1598 453 1728 481 versu

155 527 292 567 supra
322 513 408 553 iam
441 509 662 564 diximus).

292 603 462 644 Phorm.
494 601 578 643 284
623 601 839 643 Fleckeis.
889 602 1081 656 scripsit:
1117 599 1197 642 ‘ita
1244 603 1341 643 eum
1387 608 1478 644 tum
1529 604 1728 646 timidum

157 677 244 718 illic
278 676 565 731 obstupefecit
610 672 775 731 pudor',
826 675 902 717 sed
931 674 973 717 A
999 672 1086 716 ‘ibi'
1121 675 1265 729 habet,
1312 690 1409 717 cum
1456 679 1586 719 ceteri
1631 678 1728 720 libri

154 766 305 793 vocem
339 751 553 793 omittunt.
586 749 730 805 Atque
764 749 928 791 codicis
951 748 990 790 A
1015 750 1244 791 lectionem
1277 765 1405 805 posse
1435 752 1570 793 teneri
1601 752 1729 794 Bent—

154 825 262 866 leius
294 823 397 866 mihi
430 825 656 879 persuasit,
689 825 771 865 nisi
793 821 1082 866 fortasse“illi'
1119 825 1213 879 quis
1246 839 1328 880 quo
1362 825 1512 867 fortius
1544 828 1729 881 vestigia

156 898 355 940 Bembini
387 905 567 954 premat,
601 897 789 939 scribere
833 897 1011 951 mavult,
1059 898 1175 953 quod
1220 913 1297 954 per
1327 914 1395 941 me
1425 899 1538 942 licet.
1602 899 1729 943 Certa

153 974 286 1028 igitur
317 972 387 1014 lex
423 972 476 1015 de
509 972 754 1014 discrimine
785 973 1009 1028 utriusque
1040 972 1204 1014 formae
1236 988 1323 1015 non
1354 979 1498 1029 potest
1527 976 1726 1030 reperiri:

153 1046 233 1089 sed
254 1062 340 1089 non
359 1061 537 1102 possum
550 1047 716 1089 silentio
734 1046 967 1101 praeterire
980 1046 1143 1088 nullum
1162 1047 1279 1102 apud
1289 1048 1539 1090 Terentium
1556 1055 1729 1092 exstare

153 1121 379 1175 loeum⁴⁰)‚
413 1123 456 1163 in
488 1137 613 1177 quem
644 1121 784 1163 forma
810 1118 898 1162 ‘illi'
933 1135 1018 1162 non
1052 1120 1245 1176 quadret.
1278 1121 1347 1163 De
1377 1122 1530 1165 Plauto
1555 1124 1728 1166 cfiBrix

152 1194 281 1250 Capt.
313 1194 408 1248 275,
441 1195 632 1250 Mueller,
667 1195 842 1251 prosod.
874 1194 953 1235 331
991 1210 1066 1250 sq„
1100 1195 1222 1238 Neue
1253 1196 1323 1237 H2
1356 1195 1450 1237 629.

293 1287 332 1328 2.
380 1287 488 1328 Hec.
535 1285 617 1326 297
663 1289 902 1329 rectissime
934 1287 1131 1341 Bothius,
1180 1302 1305 1344 quem
1352 1303 1498 1331 omnes
1540 1289 1729 1332 editores

152 1361 291 1402 secuti
323 1367 435 1414 sunt,
469 1361 739 1416 approbante
770 1361 1006 1404 Ritschelio
1056 1363 1146 1417 (op.
1186 1362 1230 1403 Π
1261 1361 1360 1415 459)
1412 1364 1607 1419 scripsit:
1633 1360 1728 1406 ‘vix

151 1450 220 1476 me
266 1434 375 1477 illim
422 1434 619 1477 abstraxi
662 1442 793 1492 atque
835 1436 1089 1492 impeditum
1134 1438 1178 1477 in
1210 1451 1262 1478 ea
1301 1437 1504 1492 expedivi
1537 1438 1728 1481 animum

153 1506 322 1563 meum',
354 1509 428 1552 ubi
459 1509 498 1551 A
515 1507 620 1560 ‘illi'‚
653 1512 784 1552 ceteri
807 1508 1063 1552 libri‘illino'
1088 1509 1311 1566 praebent.
1334 1511 1479 1553 Etiam
1500 1510 1612 1554 Eun.
1646 1511 1729 1553 662

150 1589 336 1624 metrum
381 1584 602 1627 turbatum
649 1591 715 1627 est
764 1587 807 1626 in
846 1585 1095 1627 codicibus:
1139 1583 1241 1640 “quo
1283 1585 1354 1627 ille
1395 1585 1513 1627 abire
1545 1586 1726 1641 ignavos

154 1658 292 1712 possit
321 1657 505 1711 longius,
548 1660 628 1700 nisi
663 1660 698 1700 si
731 1657 931 1711 domum',
975 1659 1045 1701 ubi
1090 1659 1364 1702 scribendum
1403 1659 1595 1702 videtur:
1623 1658 1727 1716 ‘quo

152 1730 257 1772 illim
289 1732 427 1786 possit
473 1732 592 1773 abire
638 1733 821 1787 ignavos
866 1732 1036 1787 longius
1084 1730 1199 1786 etc-'3
1248 1748 1386 1789 neque
1433 1734 1545 1776 enim
1586 1734 1730 1790 placet

152 1804 426 1847 Fleckeiseni
445 1805 687 1847 emendatio
704 1804 808 1861 ‘quo
827 1806 913 1848 illic
935 1806 1058 1848 abire
1075 1807 1256 1861 ignavos
1280 1805 1389 1861 etcff,
1413 1822 1511 1850 cum
1533 1824 1728 1864 pronom-

149 1894 286 1921 masc.
321 1877 436 1921 ‘illic'
490 1879 681 1923 ultimam
723 1880 936 1936 syllabam
984 1881 1101 1936 apud
1139 1882 1387 1924 Terentium
1435 1898 1519 1925 non
1568 1883 1728 1926 habere

152 1960 395 2008 correptam
440 1961 627 2010 nequeat
673 1955 958 1997 demonstrari
994 1956 1108 2008 (vide
1141 1956 1341 2011 exempla
1372 1957 1415 1998 in
1447 1957 1729 2001 adnotatione

151 2028 390 2069 novissima
438 2029 683 2084 congesta).
730 2030 961 2072 Praeterea
1009 2037 1314 2085 exspectamus
1362 2032 1582 2073 notionem
1613 2033 1728 2076 unde

152 2102 308 2143 abierit
338 2103 573 2157 eunuchus,
607 2103 723 2160 quod
753 2104 864 2146 bene
895 2106 981 2147 iam
1012 2105 1234 2146 Bentleius
1276 2105 1490 2147 intellexit
1533 2106 1727 2149 scribens

144 2177 247 2234 ‘quo
281 2175 384 2219 hinc
416 2178 486 2220 ille
519 2178 637 2220 abire
669 2180 849 2232 ignavos
893 2177 984 2221 etc.5
1027 2180 1180 2235 Itaque
1222 2181 1255 2220 si
1294 2194 1382 2221 non
1412 2179 1587 2236 placent
1619 2196 1729 2238 quae

153 2268 285 2308 supra
316 2254 634 2308 proposuimus,
674 2269 727 2295 ne
758 2253 847 2295 ulla
880 2255 932 2295 sit
975 2268 1082 2309 opus
1112 2253 1345 2296 verborum
1376 2256 1727 2311 transpositione,

152 2341 306 2368 versus
356 2327 416 2367 sic
462 2327 777 2381 redintegretur
830 2334 1023 2383 oportet:
1067 2326 1169 2383 ‘quo
1217 2328 1334 2370 illinc
1381 2329 1500 2371 abire
1546 2329 1728 2384 ignavos

151 2401 295 2455 possit
326 2400 495 2455 longius
526 2402 607 2442 nisi
641 2403 676 2443 si
709 2399 909 2444 domuni'.
951 2403 1131 2457 Legitur
1162 2409 1307 2445 autem
1340 2400 1487 2444 ‘illinc’
1523 2410 1622 2445 ante
1653 2419 1727 2446 vo-

150 2475 296 2516 calem
330 2474 412 2515 Ad.
447 2474 540 2527 731,
574 2481 672 2516 ante
695 2490 911 2518 consonas
945 2476 1079 2518 Andr.
1114 2476 1209 2530 814,
1242 2477 1352 2518 Eun.
1386 2476 1481 2529 628,
1516 2477 1597 2519 Ad.
1631 2477 1727 2531 226,

150 2547 247 2602 232,
283 2548 377 2589 674.
411 2548 478 2590 De
509 2549 675 2591 formae
705 2564 787 2591 usu
807 2549 1007 2592 Plautino
1034 2550 1087 2592 cf.
1110 2550 1317 2592 Ritscheli
1341 2565 1409 2606 op.
1443 2551 1486 2592 II
1517 2550 1600 2591 453
1619 2567 1727 2607 sqq„

150 2622 258 2664 Brix
291 2622 347 2664 ad
379 2622 493 2664 Men.
527 2621 622 2664 800.

290 2780 330 2824 ⁴⁰)
353 2781 461 2814 Andr.
499 2782 575 2818 458,
602 2783 677 2822 607,
709 2783 791 2830 3212,
826 2782 967 2814 Phorm.
1012 2783 1085 2822 183,
1121 2782 1229 2815 Andr.
1266 2784 1332 2815 438
1367 2783 1491 2824 (Andr.
1528 2784 1607 2826 934)
1645 2779 1720 2816 ‘illi'

151 2842 204 2869 est
242 2839 480 2871 nominativus
518 2839 736 2881 pronominis
772 2839 962 2871 masculini
999 2837 1120 2880 (Haut.
1162 2840 1224 2871 199
1258 2835 1414 2872 ‘illicine'
1456 2851 1473 2872 6
1498 2840 1729 2873 Fleckeiseni

150 2894 376 2935 coniectura).

1776 1294 1895 1335 lm.
1920 1295 2041 1360 743sp
2053 1302 2100 1344 *ἢ
