2100 3364
935 274 1190 311 „fig-

274 399 421 440 Etiam
458 398 678 452 Bergkius
721 396 894 450 (Philol.
935 398 1043 439 XVI
1082 398 1181 448 633)
1217 399 1308 440 sine
1350 413 1483 441 causa
1523 399 1682 442 idonea
1707 399 1848 443 ‘come

275 469 422 514 fluens'
459 472 687 527 scripsisse
718 471 901 514 videtur.
934 471 1086 514 Voluit
1117 473 1230 514 enim
1261 473 1430 515 Tullius
1472 474 1614 517 dicere
1657 475 1846 516 facetum

270 546 441 588 dicendi
474 560 610 600 genus
642 545 871 587 Menandri
903 545 972 588 hic
1004 546 1104 599 11110,
1137 546 1352 589 urbanum
1384 548 1544 604 ubique
1579 550 1848 604 expressisse

267 621 539 673 Terentium,
592 635 723 675 quam
773 620 828 662 ob
873 636 966 662 rem
1013 626 1195 677 utroque
1240 620 1336 663 loco
1371 621 1542 664 dicendi
1573 622 1753 665 verbum
1785 632 1849 666 est

270 695 557 748 aptissimum.

265 769 398 810 Porro
430 767 652 810 Ausonius
684 768 742 810 id.
775 768 839 810 IV
870 775 1078 824 protrept.
1112 770 1169 811 ad
1200 776 1345 825 nepot.
1378 785 1418 811 v.
1451 770 1505 811 58
1539 786 1601 827 sq.
1632 772 1786 814 habet:

466 840 552 884 ‘Tu
584 858 755 898 quoque
787 844 859 898 qui
890 843 1065 885 Latium
1098 843 1210 885 lecto
1246 859 1444 886 sermone
1477 845 1652 887 Terenti

473 916 620 960 Coinis
652 924 695 959 et
726 919 904 959 astricto
939 920 1154 973 percurris
1187 919 1356 974 pulpita
1390 935 1522 962 socco
1557 918 1648 962 ete?

264 991 435 1033 Deinde
476 992 609 1034 etiam
640 992 855 1034 Velleium
886 993 1055 1034 Patere.
1090 993 1108 1033 Ι
1143 993 1208 1046 17,
1252 993 1271 1033 1
1318 1009 1560 1036 sermonem
1599 996 1845 1050 respexisse

264 1071 367 1120 puto
419 1066 656 1108 dicentem:
703 1064 956 1121 ‘dulcesque
991 1067 1115 1109 latini
1150 1067 1312 1123 leporis
1353 1068 1541 1110 facetiae
1583 1084 1660 1124 per
1697 1068 1845 1112 Caeci-

261 1139 479 1195 lium(?)⁵)
513 1141 847 1196 Terentiumque
879 1148 921 1183 et
951 1141 1181 1183 Afranium
1215 1143 1392 1197 suppari
1424 1149 1567 1184 aetate
1597 1141 1842 1197 nituerunt⁷‚

263 1229 364 1256 nam
396 1216 526 1257 etiam
558 1215 712 1257 Afrani
745 1230 987 1258 sermonem
1017 1218 1062 1258 in
1082 1217 1332 1258 universum
1363 1217 1498 1258 fuisse
1529 1232 1685 1272 purum
1716 1225 1844 1274 atque

261 1288 504 1342 elegantem
535 1290 683 1331 docuit
705 1289 939 1332 Teuffelius
970 1291 1015 1332 in
1036 1305 1182 1346 progr.
1206 1291 1392 1346 Tubing.
1419 1292 1527 1333 1858
1562 1307 1602 1347 p.
1634 1291 1703 1334 42.
1736 1294 1844 1335 Inde

259 1363 346 1404 iam
363 1370 559 1418 apparet,
583 1378 659 1404 0111·
680 1362 886 1406 Afranius
905 1365 1064 1406 dixerit
1084 1366 1129 1406 in
1147 1364 1464 1421 Compitalibus
1493 1366 1563 1418 (29
1587 1366 1816 1420 Ribbeck.)
1833 1383 1842 1408 :

490 1436 688 1479 ‘Terenti
719 1453 878 1480 numne
912 1440 1094 1481 similem
1127 1440 1273 1482 dicent
1305 1439 1597 1496 quempiam?

261 1511 406 1566 Atque
437 1511 504 1553 his
544 1512 652 1554 locis
696 1513 894 1555 omnibus
926 1514 1101 1556 Terenti
1133 1514 1269 1556 lectus
1312 1521 1441 1570 atque
1483 1515 1659 1570 elegans
1702 1531 1840 1559 sermo

259 1585 476 1628 laudatur.
509 1587 643 1628 Porro
679 1586 726 1629 C.
761 1587 926 1630 Caesar
960 1587 1051 1643 (vit.
1085 1604 1126 1644 p.
1161 1588 1227 1643 34,
1263 1588 1305 1644 7)
1339 1590 1401 1631 sie
1431 1590 1662 1632 iudicavit:

418 1658 504 1702 ‘Tu
537 1634 783 1727 quoquefflin
815 1664 1006 1717 suminis,
1041 1679 1063 1705 o
1098 1663 1321 1706 dimidiate
1352 1664 1606 1719 Menander,

425 1736 606 1778 Poneris
638 1742 680 1778 et
711 1737 877 1789 merito,
911 1738 1008 1792 puri
1041 1738 1253 1779 sermonis
1286 1745 1470 1781 amator.

424 1810 616 1852 Lenibus
649 1816 778 1865 atque
808 1812 974 1853 utinam
1006 1813 1177 1867 scriptis
1210 1813 1417 1855 adiuncta
1446 1813 1559 1856 foret
1588 1814 1653 1856 vis

426 1883 605 1926 Comiea
635 1891 683 1927 ut
713 1892 899 1942 aequato
932 1887 1070 1929 virtus
1103 1887 1287 1943 polleret
1316 1888 1481 1930 honore

424 1958 533 2000 Cum
566 1958 747 2001 Graecis
780 1975 890 2002 neve
920 1961 1004 2004 hac
1037 1962 1268 2017 despectus
1299 1969 1423 2018 parte
1452 1963 1632 2005 iaceres.

422 2033 568 2076 Uniun
598 2034 681 2076 hoc
712 2050 913 2077 maceror
944 2051 995 2078 ac
1029 2036 1154 2079 doleo
1187 2037 1265 2079 tibi
1298 2038 1436 2092 desse,
1469 2036 1667 2081 Terenti?

255 2107 402 2149 Verba
445 2105 689 2151 ‘dimidiate
735 2108 988 2153 Menander'
1037 2112 1202 2167 primus
1252 2118 1371 2154 recte
1416 2113 1725 2168 interpretatus
1772 2121 1836 2155 est

254 2182 477 2224 Beckerus
497 2180 583 2237 (De
602 2183 869 2225 comicorum
884 2184 1181 2228 Romanorum
1197 2186 1358 2229 fabulis
1376 2194 1540 2242 quaest.
1559 2186 1697 2243 [Lips.
1713 2187 1837 2243 1837]

256 2271 298 2311 p.
332 2256 386 2297 82
426 2254 559 2311 1101.);
597 2272 706 2313 puro
741 2274 938 2301 sermone
980 2261 1206 2316 aequalem
1252 2276 1349 2303 esse
1381 2262 1631 2304 Terentium
1663 2261 1834 2305 Graeco

259 2337 430 2385 poetae,
462 2346 551 2373 non
580 2332 685 2374 item
715 2333 758 2374 vi
789 2349 841 2376 ac
862 2335 1021 2376 virtute
1043 2336 1233 2390 comica3
1266 2336 1321 2378 cf.
1354 2337 1485 2382 etiam
1514 2336 1719 2379 Ritschel.
1746 2336 1773 2378 l.
1797 2351 1833 2378 0.

253 2421 294 2460 p.
318 2405 569 2461 525.Neque
592 2408 824 2464 quicquam
847 2408 965 2451 aliud
984 2416 1182 2464 spectare
1198 2411 1431 2454 Horatium
1453 2412 1578 2467 epist.
1611 2411 1656 2453 II
1689 2413 1724 2466 1,
1757 2411 1833 2452 59:

491 2480 686 2524 ‘vincere
720 2482 934 2526 Caecilius
965 2485 1192 2539 gravitate,
1226 2485 1452 2528 Terentius
1486 2484 1587 2528 arte’

253 2562 404 2598 notum
445 2562 525 2599 est.
564 2557 734 2600 Eodem
778 2559 909 2601 modo
951 2560 1303 2615 interpretandus
1344 2567 1408 2603 est
1449 2561 1571 2602 locus
1613 2560 1733 2603 Se1·V.
1777 2561 1831 2602 ad

252 2629 361 2672 Aen.
394 2631 415 2671 Ι
445 2629 541 2685 410,
576 2632 647 2688 qui
678 2633 722 2673 in
754 2632 1018 2689 explicanda
1051 2635 1291 2677 differentia
1312 2635 1545 2677 verborum
1571 2632 1827 2677 ⁹incusandi'

252 2709 293 2744 et
319 2701 586 2747 ‘accusandi'
621 2706 730 2749 haec
761 2707 949 2763 profert:
977 2706 1038 2750 ‘et
1069 2708 1152 2751 hoc
1184 2710 1461 2765 proprietatis
1493 2716 1571 2763 est,
1606 2710 1706 2751 licet
1726 2724 1829 2750 usus

252 2777 364 2819 male
396 2779 477 2821 ista
519 2788 782 2837 corrumpat.
826 2782 1050 2825 sciendum
1090 2789 1235 2826 tamen
1276 2791 1340 2826 est
1371 2784 1621 2826 Terentium
1652 2792 1831 2838 propter

389 2937 414 2980 ⁵)
439 2939 493 2971 De
520 2945 686 2982 suspecta
712 2942 847 2974 Caecili
873 2943 1070 2976 Latinitate
1096 2943 1177 2975 vide
1203 2943 1302 2979 infra,
1322 2953 1412 2985 quae
1439 2943 1712 2985 disputabimus
