2100 3364
354 383 436 425 Ad.
488 382 578 436 139,
624 380 835 424 Γ(ἱοῙῚΠίρί
887 383 996 424 Eun.
1038 381 1133 435 368,
1181 379 1463 424 ‘resarcietur'
1498 380 1580 423 Ad.
1615 382 1707 435 121,

349 454 549 499 ’ferietur'
584 456 756 497 Phorm.
789 455 856 498 47.

161 529 392 573 veniemus'
420 531 589 573 Phorm.
617 530 696 570 129
738 528 1066 584 'adgrediemur'
1103 530 1237 571 Andr.
1270 529 1366 583 670,
1394 528 1706 584 ‘experiemur,

354 605 522 646 Phorm.
555 604 651 645 538.

142 695 339 738 'venient'
375 695 458 738 Ad.
490 697 598 752 prol.
631 696 698 749 23,
735 694 976 752 “reperient''
1012 696 1182 737 Phorm.
1216 695 1310 743 234,
1358 692 1579 750 ‘'aperient‘'
1630 695 1711 738 Ad.

351 770 458 825 prol.
491 770 558 819 23,
585 768 865 812 ''effodientur’
900 771 1011 811 Eun.
1047 769 1140 811 740.

284 862 380 915 Qua
426 878 482 904 ex
528 864 848 904 enumeratione
893 862 1110 904 redundat
1155 862 1317 903 formas
1357 861 1558 916 volgares
1590 861 1717 915 longe
1739 860 1878 922 umgas,
1892 880 1998 927 alm
2028 902 2075 920 ,m

147 936 401 990 praetulisse
424 938 673 979 Terentium
705 943 834 992 atque
865 938 1072 990 imprimis
1105 937 1147 977 in
1182 936 1314 978 verbo
1349 935 1563 981 veniendi,
1597 937 1716 976 cuius
1774 923 2100 1015 ‘sgnstwsffi‘gsyss

145 1010 289 1051 futuro
323 1017 410 1052 tam
443 1011 687 1066 frequenter
718 1025 821 1052 usus
853 1017 930 1067 est,
973 1010 1153 1051 alteram
1184 1011 1369 1051 formam
1399 1024 1613 1065 nusquam
1645 1010 1717 1051 ad-

147 1086 326 1137 misisse,
361 1099 469 1139 quae
503 1086 593 1125 sine
626 1085 755 1126 dubio
789 1092 966 1140 propter
995 1085 1116 1126 verbi
1148 1084 1363 1126 veneundi
1396 1057 1764 1137 similitudineml'-

148 1159 426 1200 offensionem
471 1158 673 1200 habebat.
732 1159 798 1200 De
846 1159 996 1200 Plauto
1045 1159 1099 1200 ef.
1145 1159 1264 1200 Neue
1311 1157 1381 1199 11⁴²
1413 1158 1508 1210 448,
1547 1158 1717 1199 Lorenz

146 1232 276 1275 Most.
309 1232 403 1274 985.

287 1325 322 1365 7.
357 1326 543 1368 Formae
577 1326 681 1381 perf.
715 1326 740 1365 2
774 1327 880 1380 sing.
922 1340 998 1380 per
1030 1340 1270 1380 syncopam
1319 1332 1436 1366 ortae
1483 1340 1618 1380 aeque
1665 1339 1715 1365 ac

146 1400 347 1453 volgares
378 1402 666 1455 reperiuntur:
700 1400 855 1455 legitur
886 1400 999 1441 enim
1022 1396 1161 1441 ‘'dixti''
1197 1398 1332 1440 Andr.
1364 1399 1460 1452 518,
1496 1398 1590 1452 621,
1624 1399 1718 1440 852.

146 1474 256 1515 Eun.
302 1474 395 1527 165,
441 1474 533 1528 167,
575 1474 671 1528 451,
715 1474 810 1528 497,
847 1474 940 1527 793,
973 1475 1105 1515 Haut.
1138 1474 1234 1528 341,
1275 1472 1357 1515 830
1393 1473 1493 1525 (884
1522 1473 1562 1513 Α
1591 1488 1718 1528 quem

147 1548 293 1604 Umpf.
327 1555 496 1593 secutus
536 1556 600 1590 est
640 1549 751 1590 falso
793 1564 869 1604 pro
908 1546 1072 1602 ³dixi')‚
1114 1549 1285 1590 Phorm.
1327 1547 1422 1602 390,
1465 1548 1571 1598 537,
1612 1548 1718 1589 Hec.

146 1624 242 1678 322,
295 1624 391 1676 451,
444 1623 538 1677 671,
592 1623 686 1677 677,
740 1624 844 1676 865,
896 1624 978 1664 Ad.
1032 1624 1127 1677 423,
1179 1622 1275 1677 599,
1323 1622 1407 1663 604
1470 1623 1630 1677 (Umpf.
1681 1630 1722 1664 et

148 1699 305 1754 Speng.
332 1696 532 1751 ‘dixisti⁷)
565 1698 669 1752 9533
696 1696 872 1740 ⁹dixisti'
916 1706 1057 1740 autem
1091 1699 1202 1740 Eun.
1235 1698 1318 1739 376
1362 1698 1503 1749 (codd.
1541 1696 1717 1751 ‘dixti')3

149 1772 255 1813 1017
290 1773 433 1825 (codd.
460 1770 636 1824 “dixti')‚
669 1773 839 1814 Phorm.
873 1772 955 1813 302
982 1773 1125 1825 (codd.
1142 1770 1301 1823 fdixti')
1318 1772 1383 1821 36).
1407 1773 1553 1814 Etiam
1579 1772 1713 1814 Andr.

146 1847 228 1888 459
260 1847 386 1889 codd.
413 1845 552 1888 ‘dixti'
587 1846 762 1900 habent,
794 1847 995 1889 Donatus
1022 1845 1216 1900 “dixistf,
1257 1847 1370 1888 unde
1402 1849 1560 1888 rectius
1592 1847 1718 1888 Bent—

146 1921 255 1963 leius
270 1937 278 1962 :
296 1919 375 1962 “ita
398 1921 470 1976 pol
493 1921 666 1976 quidem
687 1936 755 1962 res
779 1930 856 1974 est,
880 1924 927 1962 ut
945 1922 1107 1974 dixisti,
1131 1919 1318 1969 Lesbia'.
1344 1936 1473 1976 quam
1490 1921 1718 1975 Fleckeis.,

148 1997 218 2051 qui
251 2003 349 2037 ante
374 1993 512 2036 ‘dixti'
542 1993 614 2037 '‘tu'
651 1997 842 2037 inseruit.
876 1996 974 2038 Uno
998 2002 1165 2037 tantum
1196 1995 1291 2037 loco
1325 1996 1498 2038 codices
1533 1996 1718 2051 (praeter

146 2068 248 2121 DG)
276 2067 454 2111 ‘dixisti'
490 2070 699 2125 praebent
724 2071 858 2111 Haut.
882 2070 988 2111 436:
1016 2069 1121 2112 “non
1153 2077 1198 2111 tu
1230 2073 1268 2112 ei
1291 2071 1438 2112 dixisti
1470 2076 1518 2113 ut
1549 2070 1718 2112 essem?

147 2144 258 2185 Non.
278 2143 419 2195 Quam
437 2144 490 2185 ob
510 2146 613 2196 rem,
632 2142 864 2198 Chremes,
885 2152 928 2186 at
952 2143 1081 2186 si⁹illi⁷
1097 2160 1173 2200 pro
1192 2142 1257 2186 rei'
1282 2145 1441 2186 habere
1462 2145 1721 2187 Bembinum

148 2226 189 2259 et
205 2215 343 2258 “dixti'
370 2232 464 2259 esse
501 2219 543 2258 in
566 2217 653 2259 DG
674 2226 938 2273 reputamus,
971 2219 1117 2273 Umpf.
1140 2225 1256 2260 recte
1280 2219 1506 2273 scripsisse
1528 2219 1719 2261 videtur:

142 2289 246 2333 ‘non
278 2298 323 2333 tu
354 2291 415 2333 illi
447 2292 555 2334 dixti
586 2299 634 2334 ut
665 2291 757 2336 etc'.
791 2294 958 2335 Eadem
988 2294 1127 2335 forma
1159 2308 1257 2335 eum
1288 2293 1515 2335 codicibus
1545 2294 1718 2335 retineri

146 2372 290 2421 potest
322 2366 356 2407 si
387 2366 550 2407 hiatum
581 2366 831 2422 legitimum,
873 2368 917 2409 id
949 2368 1064 2423 quod
1086 2368 1169 2410 Ad.
1203 2366 1287 2408 604
1308 2368 1499 2424 plerique
1531 2368 1717 2410 editores

148 2441 354 2493 fecerunt,
387 2440 653 2482 admittimus
684 2442 818 2484 Andr.
852 2442 956 2483 593:
983 2441 1102 2498 ''quid
1136 2442 1280 2485 dixti?
1322 2442 1510 2497 Optume
1540 2443 1716 2498 inquam

148 2515 322 2556 factum.
371 2515 495 2557 Nune
528 2530 604 2570 per
634 2516 746 2558 hunc
794 2517 953 2558 nullast
998 2515 1144 2570 mora⁷,
1192 2518 1273 2558 nisi
1320 2517 1507 2558 fortasse
1533 2514 1657 2558 ⁰he1n'
1691 2532 1714 2558 e

287 2673 328 2713 ³⁶)
354 2675 514 2717 Utroque
540 2675 619 2707 loco
644 2677 746 2707 initio
788 2687 910 2709 versus
948 2677 1078 2718 legitur
1118 2679 1154 2708 in
1194 2678 1394 2709 codicibus:
1432 2673 1532 2708 ‘dixti
1558 2677 1723 2719 pulchre',

148 2732 242 2763 unde
268 2736 415 2774 apparet
447 2743 516 2763 non
551 2744 630 2764 cum
663 2732 840 2765 Fleckeis.
875 2730 974 2765 ‘dixti
1008 2729 1125 2775 probe⁷
1162 2735 1290 2775 priore,
1320 2734 1514 2775 posteriore
1547 2734 1624 2766 loco
1649 2731 1723 2766 ‘hui

153 2790 240 2821 dixti
277 2785 447 2831 pulchre’,
486 2790 547 2821 sed
582 2786 716 2821 ‘dixisti
755 2786 910 2832 pulchre’
950 2793 1082 2833 pariter
1129 2801 1206 2823 esse
1242 2791 1443 2832 legendum.
1501 2792 1722 2834 Quamquam

148 2848 303 2880 libenter
329 2847 556 2879 concedimus
582 2847 730 2879 formam
756 2848 897 2889 plenam
934 2843 1076 2879 ‘dixisti'
1104 2858 1248 2889 perraro
1290 2847 1384 2889 apud
1409 2847 1614 2880 Terentium
1640 2850 1722 2892 legi,

152 2915 222 2946 qua
248 2914 285 2935 re
311 2904 386 2935 sine
413 2903 520 2935 dubio
547 2905 602 2936 Fl.
628 2909 666 2935 ut
691 2904 753 2935 illo
780 2904 882 2936 modo
909 2914 1032 2936 versus
1059 2905 1301 2944 constitueret,
1329 2908 1526 2936 commotus
1553 2910 1614 2937 est.
