2100 3364
1017 276 1300 317 „46—

366 405 469 445 fecti
499 403 797 444 coniunctivus
831 408 1010 456 quartae
1042 403 1361 456 coniugationis
1391 403 1487 458 lege
1520 405 1732 448 formatur
1761 408 1896 452 Haut.
1919 410 1940 450 Ι

369 478 405 530 1,
440 476 486 517 91
517 475 658 529 (143):
686 472 954 517 exercirent'.
970 475 1133 517 Verum
1154 477 1198 517 in
1220 477 1445 519 codicibus
1467 477 1935 536 legitur‘exercerent'‚

365 551 603 592 Palmerius
636 557 781 592 autem
827 551 1011 591 coniecit
1055 548 1348 592 ‘exsercirent‘
1385 552 1555 594 collatis
1597 553 1731 596 schol.
1763 555 1938 598 Bemb.:

359 623 629 666 ‘exercerent
660 621 928 665 resarcirent'
963 630 1005 665 et
1034 623 1156 665 Paul.
1208 625 1329 666 Festi
1361 639 1402 680 p.
1435 625 1513 666 81:
1542 624 1815 681 ³exercirent‚
1851 645 1937 671 sar-

369 695 530 739 cirenff.
593 698 744 752 Itaque
784 695 1055 739 ‘exercirent’
1091 699 1382 753 compositum
1426 699 1547 741 verbi
1596 703 1813 745 sarciendi
1847 718 1941 746 esse

363 772 459 827 ipsa
489 771 586 813 luce
618 771 775 813 clarius
807 779 885 813 est.

498 881 537 923 4.
572 880 712 936 Stirps
748 882 954 936 temporis
987 882 1228 936 praesentis
1260 881 1380 923 verbi
1407 879 1601 938 ‘attingo'
1636 899 1723 927 non
1755 885 1943 927 adaucta

366 957 524 1011 legitur
554 956 691 997 Andr.
726 954 827 996 789:

446 1047 565 1090 “novi
599 1049 768 1090 omnem
798 1063 902 1090 rem.
935 1055 999 1090 est
1031 1048 1148 1091 Simo
1180 1048 1326 1090 intus?
1356 1049 1449 1090 Est.
1481 1050 1545 1090 Ne
1577 1065 1644 1091 me
1676 1049 1855 1105 attigas?

367 1140 477 1181 Miro
501 1147 646 1182 autem
669 1141 797 1182 modo
832 1147 874 1183 et
894 1141 992 1182 libri
1017 1138 1239 1196 “attingas'
1275 1141 1485 1196 praebent
1515 1157 1653 1197 neque
1675 1144 1946 1197 grammatici

366 1215 551 1256 formam
582 1229 711 1256 versu
743 1215 1023 1269 postulatam,
1057 1230 1186 1270 quam
1207 1217 1484 1257 resuscitavit
1505 1216 1758 1270 Palmerius‚
1791 1219 1947 1271 legisse

367 1289 580 1341 videnum
629 1303 727 1330 cum
758 1288 864 1330 nihil
896 1289 949 1330 de
982 1304 1032 1330 ea
1071 1289 1275 1344 habeant>
1326 1291 1523 1345 quamvis
1563 1291 1741 1333 laudent
1772 1291 1893 1333 locos
1918 1302 1948 1333 ‘e

366 1365 522 1406 Plauto
557 1365 736 1420 aliisque
767 1365 927 1419 petitos
976 1365 1047 1416 (cf.
1079 1364 1200 1406 Neue
1231 1365 1298 1406 112
1327 1365 1445 1417 412).
1510 1366 1679 1418 Quodsi
1724 1366 1833 1408 Hec.
1868 1365 1949 1406 136

367 1439 542 1493 legitur:
571 1436 717 1480 ⁰nocte
748 1438 821 1480 illa
844 1439 981 1494 prima
1004 1439 1215 1493 virginem
1236 1455 1324 1481 non
1347 1437 1512 1495 attigitss
1547 1441 1692 1482 nescio
1717 1455 1773 1482 an
1796 1441 1950 1482 eodem

366 1515 496 1556 modo
530 1529 737 1569 praesens
777 1514 830 1554 sit
861 1513 1201 1568 agnoscendum.
1252 1514 1365 1556 Nam
1396 1514 1608 1556 Parmeno
1659 1515 1729 1570 qui
1759 1514 1950 1570 loquitur

368 1595 460 1630 tota
493 1589 688 1629 oratione
720 1588 938 1643 praesenti
972 1588 1088 1642 quod
1121 1588 1277 1629 djoitur
1306 1588 1514 1630 historico
1547 1589 1692 1641 utitur,
1721 1589 1776 1630 cf.
1799 1604 1839 1630 v.
1867 1588 1949 1629 135

362 1660 582 1716 ‘deducit'‚
617 1678 657 1704 v.
684 1661 767 1702 144
791 1659 1003 1715 “seducit⁷‚
1038 1678 1076 1703 v.
1103 1662 1184 1702 145
1209 1660 1402 1716 “”1131·1’3’[’,
1435 1670 1477 1705 et
1499 1663 1672 1705 dicendi
1693 1663 1822 1705 finem
1845 1663 1949 1705 facit

371 1753 435 1791 00,
483 1745 529 1779 ut
560 1739 703 1792 ipsum
736 1737 788 1778 de
821 1752 904 1792 quo
938 1745 1087 1778 narrat
1133 1736 1458 1779 adulescentem
1505 1738 1643 1780 faciat
1687 1737 1949 1793 loquentem.

369 1812 505 1854 Vides
537 1818 675 1853 totum
707 1812 915 1852 orationis
957 1818 1152 1853 tenorem
1185 1811 1373 1866 quodam
1404 1812 1534 1853 modo
1567 1812 1865 1866 languescere,
1916 1814 1949 1853 si

363 1883 534 1940 ‘attigit'
569 1886 808 1940 perfectum
841 1901 936 1928 esse
972 1887 1213 1928 statuimus.
1247 1885 1334 1927 Sed
1365 1892 1596 1942 utcumque
1627 1902 1695 1929 res
1729 1902 1774 1928 se
1806 1887 1949 1934 habet,

370 1963 619 2004 Terentium
640 1962 826 2004 formam
857 1976 945 2002 non
977 1960 1227 2003 adhibuisse
1271 1961 1353 2002 nisi
1399 1961 1450 2002 in
1498 1960 1614 2003 fine
1659 1976 1850 2003 versus
1897 1976 1953 2002 ex

370 2044 554 2092 utroque
601 2036 697 2077 1000
732 2042 928 2091 apparet.
964 2034 1097 2091 Apud
1135 2036 1336 2078 Plautum
1369 2042 1513 2078 autem
1547 2037 1688 2077 sexies
1734 2035 1823 2077 fere
1870 2036 1952 2077 hoc

370 2111 551 2152 verbum
568 2110 619 2164 27)
666 2111 824 2165 legitur
874 2110 931 2152 ad
981 2118 1144 2152 certam
1191 2126 1341 2152 versus
1390 2110 1535 2152 sedem
1581 2125 1668 2152 non
1714 2111 1951 2163 astrictmn,

377 2186 429 2227 cf.
462 2186 570 2227 Brix
602 2185 693 2226 Mil.
730 2183 838 2225 1092
870 2192 910 2227 et
941 2185 1113 2226 Lorenz
1148 2184 1277 2226 Most.
1310 2183 1407 2226 453.

509 2294 548 2336 5.
582 2295 699 2336 Part.
733 2294 840 2350 perf.
874 2309 989 2350 pass.
1016 2292 1222 2336 ‘finctum'
1260 2293 1350 2336 solo
1384 2293 1535 2336 codice
1569 2293 1609 2335 A
1629 2317 1685 2323 —
1705 2293 1952 2335 Priscianus

378 2370 449 2425 qui
480 2384 655 2410 versum
685 2368 752 2410 bis
784 2368 935 2410 laudat
967 2375 1007 2410 et
1038 2369 1240 2410 Donatus
1273 2368 1484 2424 praebent
1514 2368 1701 2410 formam
1732 2368 1953 2423 volgarem

373 2443 642 2485 —traditur
673 2444 783 2484 Eun.
819 2442 921 2482 104:
963 2440 1047 2484 “sin
1078 2443 1235 2485 falsum
1281 2450 1356 2484 aut
1397 2458 1558 2484 vanum
1600 2448 1675 2484 aut
1714 2442 1951 2494 finctumst,

377 2518 580 2559 continuo
616 2514 812 2572 palamst
847 2524 891 2558 et
916 2515 1127 2559 ”nanctus’
1163 2517 1297 2559 Andr.
1322 2516 1417 2570 967,
1451 2517 1562 2558 Eun.
1584 2515 1682 2570 556,
1716 2516 1823 2557 Hec.
1857 2514 1952 2557 681.

371 2589 554 2633 ‘nactus'
606 2606 708 2633 vero
741 2593 784 2632 in
819 2591 1018 2632 omnibus
1054 2591 1174 2633 libris
1204 2591 1363 2645 legitur
1392 2591 1565 2632 Phorm.
1614 2590 1681 2643 81,
1715 2589 1823 2630 Ηο0.
1856 2587 1953 2638 825,

374 2665 459 2707 Ad.
491 2664 587 2717 421,
619 2665 663 2706 in
695 2665 912 2720 plerisque
944 2671 1073 2720 atque
1106 2667 1157 2707 iis
1191 2667 1366 2721 optimis
1398 2665 1570 2707 Phorm.
1608 2663 1699 2716 168,
1748 2663 1856 2704 Hec.
1885 2662 1952 2716 65,

378 2738 471 2780 170.
523 2740 591 2780 De
623 2739 775 2781 Plauto
809 2739 864 2780 ef.
896 2741 1004 2782 Brix
1034 2740 1152 2781 Trin.
1186 2739 1241 2780 64
1271 2746 1312 2781 et
1346 2739 1438 2792 114,
1474 2737 1648 2781 Schultz
1689 2737 1716 2778 l.
1761 2752 1798 2778 0.
1841 2752 1882 2792 p.
1915 2737 1954 2779 4.

514 2887 552 2929 2Τ)
576 2888 629 2919 De
656 2899 725 2930 quo
763 2889 905 2930 copiose
947 2893 1096 2930 egerunt
1134 2888 1175 2920 G.
1203 2888 1355 2928 Curtius,
1399 2887 1442 2919 de
1485 2886 1608 2918 aoristi
1650 2884 1753 2917 latini
1786 2884 1950 2927 reliquiis

377 2945 494 2976 Kiliae
523 2946 608 2976 1³55?
636 2950 670 2977 et
697 2945 958 2986 Schleicherus,
986 2945 1178 2987 Compend.
1206 2946 1268 2978 der
1293 2945 1404 2987 vergl.
1431 2943 1627 2976 Grammat.
1655 2953 1687 2984 p.
1716 2942 1795 2978 755.
