2100 3364
869 285 922 288 .-
983 264 1007 291 (l
1068 286 1121 289 -

209 384 344 425 solam
378 385 685 439 proprietatem
719 384 915 424 omnibus
949 386 1124 425 comicis
1157 400 1251 426 esse
1283 388 1590 440 praepositum,
1625 387 1778 441 quibus

212 465 287 503 cst,
322 465 527 512 quantum
571 457 626 497 ad
668 463 810 498 cetera
853 464 1032 511 spectat,
1075 456 1277 499 inferior‘.
1339 459 1536 515 Denique
1568 460 1777 502 Varronis

207 533 462 573 sententiam
495 530 660 572 Gellius
695 529 774 585 (Vl
809 530 926 585 [VII]
962 531 1024 580 14,
1059 530 1102 586 6)
1138 535 1348 574 servavit:
1392 532 1512 575 ‘vera
1554 541 1694 576 autem
1739 542 1779 575 et

210 606 385 660 propria
428 606 604 646 huiusce
644 605 761 646 modi
811 606 1047 646 formarum
1100 607 1301 661 exempla
1352 608 1394 648 in
1448 608 1582 649 latina
1633 609 1778 663 lingua

204 679 262 719 M.
298 679 435 720 Varro
469 694 563 720 esse
596 680 699 720 dicit
731 679 939 720 ubertatis
971 680 1228 731 Pacuvium,
1262 681 1516 736 gracilitatis
1549 683 1776 727 Lucilium,

204 754 515 794 mediocritatis
547 751 820 803 Terentium',
852 753 926 794 ubi
957 754 1270 796 mediocritatis
1310 756 1491 797 verbum
1530 772 1618 797 non
1651 772 1778 798 sensu

203 826 549 881 reprehensionis
582 828 881 882 accipiendum
924 834 1000 879 est,
1044 828 1099 869 cf.
1132 829 1373 881 Eichst'adt‚
1419 838 1582 884 quaest.
1628 831 1776 885 philol.

205 915 319 954 spec.
339 900 446 942 VH:
466 900 533 941 De
550 901 765 943 vocabulo
783 902 1095 943 mediocritatis
1117 902 1263 956 [Ienae
1284 902 1408 958 1842]
1428 919 1467 958 p.
1488 904 1510 943 7
1529 908 1599 950 (z
1616 904 1775 959 Opusc.

204 975 340 1018 orat.‘²
372 977 456 1017 585>
489 979 615 1033 sqq.)‚
660 978 730 1032 qui
762 984 862 1032 apte
894 980 950 1020 ad
983 979 1118 1020 Cicer.
1153 979 1205 1019 de
1233 979 1302 1019 off.
1335 980 1355 1020 Ι
1388 980 1455 1031 25,
1489 978 1565 1019 ὅθι
1594 977 1776 1020 ‘medio-

202 1052 397 1092 critatem
420 1051 550 1103 illam,
585 1066 694 1106 quae
725 1059 790 1093 est
821 1053 931 1094 inter
962 1054 1139 1093 nimium
1172 1059 1212 1094 et
1244 1051 1423 1107 parum',
1450 1053 1507 1094 ib.
1541 1053 1584 1094 H
1624 1053 1686 1096 17.
1720 1052 1773 1093 59

201 1131 281 1165 etc.
315 1140 393 1166 nos
427 1125 611 1180 delegat.
644 1126 736 1167 Iam
770 1126 804 1166 si
826 1126 966 1167 Varro
1000 1126 1082 1167 hoc
1114 1126 1210 1168 loco
1235 1128 1475 1181 principem
1507 1127 1775 1177 comoediae,

198 1206 243 1239 ut
266 1199 502 1240 Pacuvium
533 1200 786 1254 tragoediae
808 1201 1109 1256 Luciliumque
1133 1207 1318 1253 saturae,
1341 1202 1591 1242 Terentium
1611 1201 1774 1255 laudat,

200 1273 328 1314 facile
361 1274 405 1315 id
436 1289 532 1315 eum
565 1274 728 1316 dixisse
761 1276 970 1316 sermonis
1010 1282 1210 1330 respectu
1250 1275 1398 1317 habito
1439 1282 1573 1331 patet.
1633 1276 1776 1317 Debet

198 1348 309 1387 enim
341 1363 436 1389 esse
466 1349 720 1401 tragoediae
754 1350 889 1390 oratio
922 1350 1041 1402 uber⁷
1086 1358 1257 1391 saturae
1290 1350 1478 1404 gracilis,
1521 1352 1775 1392 comoediae

196 1421 440 1463 mediocris.
495 1422 694 1464 Ceterum
741 1422 907 1464 Gellius
952 1424 1044 1478 ipse
1090 1423 1236 1478 paullo
1281 1430 1381 1478 post
1420 1423 1527 1465 illud
1557 1425 1775 1467 mediocre

198 1497 369 1539 dicendi
401 1511 536 1551 genus
569 1497 760 1552 appellat
784 1495 986 1538 “mixtum
1017 1496 1403 1553 moderatumque'.

333 1589 425 1630 Iam
478 1589 681 1644 quoniam
742 1590 1087 1630 enumeravimus
1148 1596 1357 1645 quotquot
1418 1591 1470 1632 de
1532 1589 1774 1632 elocutione

196 1663 370 1704 Terenti
401 1664 650 1703 testimonia
691 1663 807 1717 apud
853 1669 1022 1704 veteres
1071 1665 1304 1719 scriptores
1351 1671 1541 1717 exstant,
1587 1665 1775 1707 breviter

197 1738 298 1792 quid
338 1738 438 1779 inde
478 1737 535 1778 ad
577 1738 873 1792 quaestionem
918 1744 1114 1779 nostram
1153 1738 1365 1780 redundet
1405 1738 1772 1794 comprehendere

193 1811 334 1853 liceat.
380 1810 445 1852 Ac
492 1811 629 1852 tribus
674 1813 947 1866 potissimum
994 1814 1135 1854 causis
1183 1820 1338 1868 poetae
1386 1815 1521 1855 oratio
1569 1812 1772 1855 laudibus

194 1886 435 1927 extollitur:
470 1887 653 1941 primum
686 1887 803 1942 quod
833 1887 979 1928 lecta
1011 1894 1173 1942 atque
1206 1887 1442 1943 eleganS‚
1478 1888 1633 1930 deinde
1657 1889 1771 1943 quod

194 1977 339 2016 pura,
374 1962 558 2016 denique
591 1961 706 2016 quod
736 1962 1033 2003 mediocris
1066 1968 1143 2015 est,
1186 1977 1293 2017 quas
1334 1962 1486 2004 laudes
1518 1978 1603 2004 uno
1636 1963 1769 2004 verbo

193 2035 557 2091 comprehendere
603 2035 723 2088 licet,
772 2036 814 2077 si
857 2050 1154 2077 sermonem
1193 2035 1455 2077 urbanum
1504 2037 1771 2092 simulque

193 2109 536 2162 familiarem,
569 2116 623 2150 ut
656 2110 813 2151 decet
845 2117 1063 2166 poetam
1086 2113 1361 2163 comicum,
1396 2111 1770 2153 siserlnonem

192 2183 462 2225 hominum
492 2183 871 2225 litteratorum
910 2191 1335 2240 repraesentare
1389 2185 1770 2227 contendimus

192 2258 513 2299 Terentium.
568 2258 730 2299 Contra
769 2260 812 2299 in
844 2258 986 2299 Plauti
1025 2259 1272 2300 elocutione
1312 2274 1451 2300 sermo
1493 2259 1687 2314 plebeius
1730 2268 1770 2301 et

190 2332 381 2386 volgaris
413 2332 540 2374 facile
572 2333 835 2387 agnoscitur,
868 2333 1067 2389 idemque
1101 2335 1192 2375 sine
1224 2333 1354 2375 dubio
1380 2334 1593 2389 spectavit
1617 2332 1766 2374 Cicero

191 2406 216 2447 l.
251 2421 287 2447 c.
322 2405 569 2459 Caecilium,
603 2421 729 2461 quem
748 2408 885 2461 primo
909 2409 1020 2449 inter
1042 2409 1234 2449 comicos
1257 2409 1402 2463 posuit
1418 2408 1515 2450 1000
1534 2408 1769 2450 Volcacius

191 2480 423 2534 Sedigitus‚
471 2480 631 2521 malum
677 2488 898 2523 auctorem
944 2482 1196 2523 Latinitatis
1240 2482 1401 2523 dicens.
1462 2483 1555 2524 Iam
1603 2484 1636 2523 si
1679 2490 1768 2523 tam

190 2554 393 2595 acerbum
424 2554 521 2595 tulit
542 2555 745 2595 iudicium
770 2554 919 2596 Cicero
954 2556 1007 2597 de
1031 2555 1193 2597 Caecili
1217 2571 1413 2598 sermone
1425 2555 1457 2608 6)
1492 2572 1589 2598 cum
1610 2557 1768 2598 Teren-

189 2629 307 2670 tiano
341 2634 609 2683 comparatO,
644 2643 769 2683 quem
801 2632 923 2684 quasi
954 2631 1208 2685 magistrum
1247 2646 1298 2672 ac
1330 2637 1561 2685 patronum
1593 2631 1766 2672 Terenti

189 2704 323 2745 fuisse
365 2703 523 2745 scimus
569 2703 683 2755 (Ter.
725 2705 799 2744 vit.
838 2704 875 2756 2,
918 2704 1121 2746 Ritschel.
1164 2719 1334 2760 parerg.
1375 2704 1456 2745 320
1499 2703 1631 2760 adn.)7
1676 2707 1767 2747 sine

325 2859 350 2900 ⁶)
377 2860 428 2894 Cf.
457 2862 570 2893 etiam
610 2862 708 2895 Brut.
743 2863 796 2902 74,
829 2864 918 2894 ⁴258:
960 2859 1172 2895 ‘Caecilium
1200 2868 1231 2895 et
1266 2865 1462 2896 Pacuvium
1500 2865 1592 2896 male
1627 2864 1765 2897 locutos

187 2911 371 2948 videinus'.
