2100 3364
165 396 219 436 sit
250 395 539 435 imminutum:
563 392 662 433 licet
683 397 805 431 utare
825 388 1016 445 utroque'
1043 396 1083 430 et
1103 389 1180 430 ib.:
1198 387 1339 444 ‘quasi
1362 404 1463 430 vero
1486 390 1731 431 nesciamus

163 470 205 508 in
251 468 332 509 hoe
378 481 531 521 genere
578 472 619 507 et
665 464 839 520 plenum
886 463 1066 504 verbum
1110 469 1227 504 reete
1269 463 1353 504 diei
1390 469 1431 504 et
1461 464 1732 504 imminutum

165 539 345 583 usitate.³

298 632 335 671 2.
388 631 572 672 Formae
621 630 836 670 coniunet.
869 642 1009 682 praes.
1056 628 1098 668 in
1145 628 1219 667 -im
1264 630 1536 682 reperiuntur
1574 629 1614 669 in
1646 629 1731 670 fine

163 720 331 747 versus:

165 779 298 821 Andr.
322 777 425 819 666:
452 776 517 818 rat
548 777 624 819 tibi
658 777 700 819 di
733 777 910 831 dignum
939 777 1066 817 factis
1098 777 1276 817 exitium
1308 773 1453 829 duint',

163 854 293 894 Haut.
330 851 433 892 811:
468 850 533 893 ‘ut
563 854 603 894 te'
637 851 809 906 quidem
842 866 990 892 omnes
1024 850 1067 892 di
1100 850 1206 892 deae
1239 856 1446 905 quantum
1478 852 1556 902 est,
1603 850 1731 904 Syre,

370 941 469 967 cum
500 927 609 967 istoc
641 927 816 966 invento
850 928 1032 980 eumque
1064 926 1237 980 incepto
1270 922 1495 979 perduint',

164 1000 334 1042 Phorm.
361 1000 461 1041 1523:
489 998 635 1042 ‘homo
661 999 907 1041 confidens:
941 1001 1012 1055 qui
1042 999 1162 1040 illum
1194 999 1236 1040 di
1270 1014 1417 1041 omnes
1448 997 1672 1053 perduint-³,

160 1074 215 1116 ib.
241 1074 346 1115 519:
373 1073 528 1130 Γ1100110
562 1090 641 1129 ego
674 1089 811 1129 neque
845 1080 903 1115 tu.
965 1075 1023 1115 Di
1054 1073 1133 1115 tibi
1168 1088 1315 1115 omnes
1354 1074 1398 1115 id
1438 1074 1554 1129 quod
1595 1090 1639 1116 es
1673 1075 1731 1116 di-

362 1150 472 1203 gnus
506 1145 651 1200 duinff,

161 1240 216 1281 ib.
242 1239 342 1280 713:
370 1237 557 1295 ‘quietus
590 1246 696 1292 esto,
742 1241 941 1294 inquam:
991 1240 1071 1292 ego
1112 1238 1273 1280 curabo
1310 1239 1470 1293 nequid
1500 1239 1732 1280 verborum

362 1311 478 1367 duni,

156 1387 212 1429 ib.
246 1387 348 1428 976:
376 1385 556 1428 ‘malum
588 1386 704 1442 quod
735 1387 805 1427 isti
837 1386 879 1427 di
913 1386 1104 1442 deaeque
1138 1389 1284 1428 omne's
1318 1385 1463 1441 duint}

159 1462 214 1503 ib.
251 1460 379 1501 1005:
407 1459 606 1502 'uxorein
637 1461 773 1502 duxit.
806 1461 868 1501 Mi
899 1460 1042 1513 homo,
1078 1460 1120 1502 di
1153 1461 1303 1502 melius
1336 1459 1484 1514 duinff,

162 1536 268 1577 Hee.
301 1535 408 1575 441:
436 1533 722 1577 readaverosa
752 1535 878 1576 faeie.
911 1535 969 1576 Di
1000 1535 1119 1576 illum
1152 1533 1375 1589 perduint?

290 1610 340 1650 In
370 1609 511 1651 medio
545 1616 688 1650 autem
720 1625 848 1650 versu
879 1609 1044 1650 formae
1075 1609 1276 1663 volgares
1308 1609 1532 1665 leguntur:

156 1684 265 1724 Eun.
289 1681 393 1724 302:
420 1681 484 1724 “ut
515 1683 635 1725 illum
667 1685 709 1725 di
742 1683 933 1739 deaeque
967 1684 1133 1725 senium
1164 1683 1360 1738 perdant>
1400 1686 1471 1739 qui
1501 1699 1568 1726 me
1600 1685 1729 1727 hodie

358 1760 598 1800 remoratus
631 1755 721 1811 esf,

152 1850 207 1892 ib.
241 1850 344 1890 431:
373 1848 436 1890 ''at
466 1851 507 1890 te
541 1849 582 1890 di
615 1848 811 1904 perdant.
846 1850 961 1902 Quid
991 1850 1063 1891 ille
1093 1850 1287 1906 quaeso‘.>
1318 1849 1542 1905 Perditus3

153 1925 283 1965 Haut.
317 1923 420 1964 465:
450 1922 609 1965 ‘'sumat
642 1930 869 1965 consumat
900 1924 1066 1979 perdat,
1107 1924 1370 1966 decretumst
1401 1923 1517 1980 pati',

152 1997 322 2039 Phorm.
356 1998 458 2040 688:
486 1996 551 2039 ‘ut
571 2001 612 2040 te
637 1998 809 2052 quidem
845 2013 993 2040 omnes
1026 1999 1069 2040 di
1101 1999 1207 2040 deae
1242 2001 1385 2055 superi
1415 2000 1539 2042 inferi
1567 2000 1571 2054 Ι
1600 2000 1727 2042 Malis

359 2072 570 2128 exemplis
603 2072 809 2127 perdant!
843 2087 911 2113 em
943 2073 1085 2128 siquid
1114 2070 1247 2123 velis,

154 2146 260 2187 Hec.
308 2145 411 2187 469:
456 2144 518 2187 ‘at
562 2147 669 2187 istos
717 2146 888 2188 invidos
941 2147 982 2188 di
1033 2147 1241 2202 perdant,
1297 2148 1368 2202 qui
1399 2146 1508 2189 haee
1546 2147 1729 2190 libenter

355 2219 581 2273 nuntiant,

157 2294 241 2335 Ad.
277 2293 377 2334 134:
405 2292 659 2349 ‘profundat
690 2295 844 2350 perdat
875 2297 1036 2350 pereat,
1070 2295 1173 2337 nihil
1208 2295 1264 2337 ad
1294 2311 1362 2338 me
1392 2294 1572 2349 attinef,

163 2367 219 2408 ib.
254 2367 356 2408 714:
384 2366 710 2410 monstratione
750 2372 933 2423 magnus
965 2369 1118 2425 perdat
1148 2368 1365 2425 Iuppiter.'

289 2459 411 2511 Quae
443 2461 504 2500 ita
538 2474 583 2501 se
620 2459 778 2502 habere
809 2462 895 2501 iam
940 2461 1195 2516 Spengelius
1240 2462 1297 2503 ad
1342 2462 1477 2503 Andr.
1510 2462 1592 2503 666
1638 2464 1726 2504 ani-

152 2533 397 2575 madvertit.
450 2534 543 2574 Iam
576 2535 609 2575 si
640 2533 822 2588 legimus
854 2541 1006 2577 eontra
1037 2542 1220 2577 metrum
1252 2537 1294 2577 in
1325 2535 1448 2577 libris
1480 2536 1587 2578 Hec.
1633 2536 1726 2586 134,

146 2604 213 2647 “at
243 2608 284 2647 te
318 2608 360 2649 di
392 2608 584 2662 deaeque
616 2609 816 2662 perduint
838 2624 935 2651 011111
967 2611 1049 2650 isto
1085 2610 1182 2651 odio
1210 2607 1409 2662 Laches'‚
1442 2625 1529 2651 non
1554 2608 1722 2654 ‘faxint'

154 2696 251 2722 oum
280 2681 505 2734 Bentleio,
558 2682 861 2724 Fleckeisenio
910 2683 1118 2738 aliisque,
1172 2684 1249 2724 sed
1288 2681 1500 2738 ‘perdant'
1542 2699 1640 2725 011111
1673 2685 1723 2727 Ο.

151 2753 390 2797 Sohuberto
419 2755 670 2810 (Symbolae
703 2756 758 2797 ad
789 2757 959 2798 Terent.
992 2757 1245 2799 emendand.
1269 2772 1309 2812 p.
1346 2757 1412 2809 16)
1450 2758 1724 2802 scribendum

151 2843 243 2870 esse
275 2828 424 2871 elucet.
486 2830 697 2871 Nimirum
741 2830 823 2872 hoo
856 2846 1025 2886 quoque
1071 2832 1167 2872 loeo
1206 2832 1389 2872 formam
1421 2833 1725 2886 quaesitiorem

153 2902 325 2945 aliunde
346 2910 493 2946 notam
516 2904 843 2946 inculcaverunt
865 2905 1040 2946 librarii.
1066 2904 1266 2947 Ceterum
1300 2907 1481 2961 optativi
1511 2908 1606 2948 viee
1628 2922 1724 2949 eam
