2100 3364
793 305 1076 347 -19—

145 438 230 478 tria
271 433 414 488 milia',
457 441 503 476 ut
542 434 725 475 formam
760 428 1007 472 ⁶nummum’
1049 430 1295 471 restitueret
1335 428 1584 469 coniectura
1615 432 1719 468 tem-

148 511 340 566 ptavisse
371 508 473 550 mihi
504 507 675 548 videtur
699 504 764 556 ¹⁵).

286 583 435 625 Cicero
480 588 586 624 orat.
619 580 685 633 46,
722 578 802 620 155
825 595 888 635 sq.
922 579 974 621 de
997 579 1088 620 eius
1111 577 1228 619 modi
1251 577 1461 631 genetivis
1494 575 1721 631 disputans

148 672 359 714 persaepe
391 662 521 711 atque
551 656 709 696 usitate
742 652 827 694 dici
853 650 1012 705 ‘deum‚
1066 650 1260 704 liberum,
1308 650 1521 691 maiorum
1567 646 1718 692 meum'

146 732 349 773 affirmat.
381 729 525 784 Atque
557 728 637 770 hae
669 741 800 769 voces
832 728 955 781 ipsae
986 727 1029 766 in
1062 724 1237 766 Terenti
1266 723 1426 765 fabulis
1457 723 1658 778 leguntur
1673 720 1722 775 16>

147 819 289 860 neque
312 803 491 846 dubium
514 817 608 844 esse
640 807 795 856 potest,
831 801 933 855 quin
954 799 1036 840 hoc
1060 812 1230 854 quoque
1252 797 1348 839 loco
1384 803 1457 839 aut
1474 795 1626 838 Cicero
1651 801 1726 837 aut

147 884 315 931 auctor,
339 892 465 933 quem
490 877 682 932 sequitur
705 874 870 927 Cicero,
896 873 1105 915 sermonis
1128 886 1253 913 usum
1271 872 1443 914 Terenti
1466 871 1726 913 auctoritate

147 951 416 1007 comprobet,
454 951 499 992 id
532 950 648 1006 quod
681 964 811 1004 supra
842 950 929 989 iam
967 947 1052 988 alio
1086 944 1284 1001 exemplo
1319 945 1726 987 demonstravimus.

147 1026 291 1069 Ceteri
323 1032 466 1067 autem
499 1024 685 1079 genetivi
716 1023 1009 1065 inusitatiores
1046 1020 1159 1076 apud
1184 1021 1446 1072 Terentium,
1480 1017 1724 1060 veluti‘ini-

147 1116 293 1156 quom,
328 1115 524 1156 aequom,
558 1099 756 1148 amicum,
781 1093 1105 1147 adversarium}
1139 1096 1190 1136 in
1221 1095 1472 1150 prologis
1504 1100 1728 1135 tantum·

147 1176 308 1217 modo
343 1173 614 1216 adhibentur.
660 1171 773 1224 Quin
804 1185 935 1213 unum
965 1176 1133 1211 tantum
1173 1169 1420 1224 exemplum
1459 1169 1503 1209 in
1538 1167 1730 1222 prologis

150 1255 324 1302 exstat,
370 1248 444 1290 ubi
475 1247 737 1289 adiectivum
775 1245 1033 1287 substantivi
1064 1245 1159 1285 vice
1207 1243 1445 1285 adhibitum
1491 1242 1730 1297 longiorem

147 1323 339 1378 genetivi
371 1322 556 1363 formam
608 1323 649 1372 (i.
683 1336 717 1362 e.
751 1318 1110 1376 pronominalem)
1154 1318 1314 1360 habeat
1345 1318 1476 1360 Haut.
1510 1317 1618 1372 prol.
1652 1315 1727 1356 20:

142 1396 381 1439 ‘bonorum
403 1393 659 1451 exemplum'
700 1396 816 1446 (nam
833 1391 1091 1435 “verborum⁷
1126 1393 1236 1434 Eun.
1260 1392 1367 1447 prol.
1391 1391 1447 1432 24
1476 1391 1558 1432 huc
1580 1390 1729 1433 referri

148 1472 341 1527 nequit),
397 1471 473 1512 sed
504 1469 798 1524 ambiguitatis
845 1469 1074 1511 evitandae
1120 1482 1252 1509 causa
1299 1467 1422 1508 aliter
1468 1466 1610 1507 dicere
1642 1480 1728 1506 non

150 1547 293 1602 potuit
325 1546 552 1587 Terentius
584 1545 651 1586 vel
686 1544 927 1586 Ambivius.
975 1543 1073 1584 Hoc
1106 1543 1236 1597 igitur
1266 1541 1395 1582 modo
1430 1540 1729 1594 restringenda

149 1627 218 1661 est
248 1619 503 1661 Buecheleri
554 1618 596 1671 (l.
645 1633 682 1659 c.
714 1633 755 1673 p.
789 1617 859 1670 85)
911 1617 1157 1659 observatio
1205 1617 1249 1657 in
1281 1614 1473 1670 prologis
1520 1629 1731 1669 nusquam

148 1695 339 1749 genetivi
370 1694 555 1735 formam
586 1693 826 1748 longiorem
858 1698 1032 1734 exstare
1065 1691 1261 1732 dicentis.

150 1852 222 1896 Ιν.
258 1851 643 1904 ῠο,ᾱθοΙίηαῒίοηθ
677 1862 790 1906 quae
822 1850 990 1905 stirpes
1023 1849 1062 1893 tn
1095 1861 1140 1892 -u
1169 1848 1383 1893 exeuntes
1406 1847 1731 1903 complectitur.

292 1968 327 2007 1.
363 1966 600 2008 Genetivus
640 1967 683 2007 in
716 1967 799 2007 -uis
832 1972 873 2007 et
905 1964 1129 2007 codicibus
1171 1963 1371 2005 omnibus
1404 1970 1445 2004 et
1476 1963 1733 2004 testimoniis

153 2050 352 2084 veterum
402 2042 506 2083 satis
555 2055 767 2096 superque
815 2040 1096 2081 confirmatur
1141 2039 1272 2079 Haut.
1319 2036 1422 2078 287:
1469 2034 1579 2078 ¹'eius
1612 2038 1734 2078 anuis

154 2131 287 2157 causa
322 2117 473 2171 opinor
506 2130 615 2170 quae
647 2122 740 2156 erat
786 2111 982 2156 mortua'.
1044 2114 1116 2155 Ex
1163 2114 1413 2154 coniectura
1459 2111 1735 2153 Fleckeiseni

159 2190 397 2240 (Kritische
428 2188 652 2230 Miscellen
685 2203 726 2243 p.
760 2188 813 2228 43
846 2188 980 2241 adn),
1015 2189 1086 2243 qui
1117 2203 1139 2229 e
1170 2186 1379 2229 Ritscheli
1411 2186 1633 2239 doctrina,
1683 2186 1735 2228 de

156 2279 240 2319 qua
274 2279 377 2305 mox
406 2263 670 2316 videbimus,
704 2264 950 2317 genetivum
979 2263 1023 2303 in
1054 2277 1121 2304 ·us
1154 2262 1420 2303 comicorum
1452 2261 1583 2302 aetati
1616 2260 1739 2302 abro-

155 2339 288 2393 gavit,
323 2337 477 2392 legitur
508 2339 637 2379 etiam
660 2338 831 2378 Phorm.
855 2336 957 2378 482:
987 2335 1213 2392 ‘quantum
1242 2336 1416 2377 metuist
1436 2335 1551 2388 mihi,
1589 2334 1736 2376 videre

156 2412 241 2453 huc
275 2412 440 2452 sa'lvom
470 2427 585 2453 nunc
617 2413 829 2467 patruom,
864 2408 1002 2465 Geta',
1038 2426 1168 2466 quam
1207 2410 1556 2453 emendationem
1589 2424 1735 2450 omnes

156 2487 274 2541 quod
320 2487 456 2527 sciam
488 2486 675 2526 editores
706 2491 974 2540 receperunt.
1028 2485 1116 2527 Sed
1135 2500 1288 2526 vereor
1319 2499 1371 2526 ne
1408 2498 1506 2525 cum
1539 2482 1736 2524 omnibus

157 2560 279 2601 libris
311 2566 487 2615 praeter
518 2558 570 2612 A,
605 2560 675 2614 qui
702 2557 928 2614 ‘quantum
974 2566 1112 2601 metus
1150 2557 1224 2602 est⁷
1268 2559 1410 2611 habet,
1445 2565 1486 2600 et
1527 2557 1736 2610 Bentleio‚

302 2683 340 2725 ¹⁵)
366 2684 408 2715 In
427 2685 523 2715 Trin.
543 2683 596 2715 cd.
616 2684 649 2714 Π
677 2687 711 2715 et
727 2683 835 2726 proll.
849 2695 881 2726 p.
900 2684 1091 2718 LXXXIX,
1106 2685 1210 2716 Most.
1236 2685 1301 2717 357
1321 2684 1470 2716 formam
1487 2678 1732 2714 ‘nummorum’

158 2752 229 2773 non
254 2742 456 2773 immutavit
486 2741 715 2781 ffitschelius,
750 2741 811 2773 sed
850 2752 894 2773 ne
926 2741 983 2773 hic
1011 2742 1154 2783 quidem
1188 2752 1266 2774 eam
1292 2752 1396 2784 posse
1422 2740 1568 2773 tolerari
1594 2741 1736 2772 Brixius

158 2802 293 2838 censet,
320 2800 378 2830 cui
403 2809 474 2830 non
500 2798 738 2840 adstipulatur
762 2799 970 2833 Lorenzius.

303 2861 340 2902 ¹⁶)
364 2861 453 2893 Nam
480 2862 685 2903 genetivum
701 2856 912 2902 ‘talentum’‚
939 2862 999 2903 qui
1017 2861 1147 2904 legitur
1167 2861 1261 2903 apud
1279 2861 1496 2900 Terentium,
1524 2870 1594 2892 non
1621 2860 1739 2892 attulit

160 2918 297 2958 Cicero,
331 2919 497 2959 quoniam
530 2929 610 2951 eum
643 2929 714 2950 non
750 2918 864 2950 solum
899 2929 969 2951 non
1002 2919 1211 2951 inusitatum
1245 2929 1333 2959 esse,
1366 2928 1491 2950 verum
1525 2919 1630 2950 etiam
1665 2917 1738 2949 fere

159 2975 265 3006 unice
292 2974 454 3007 adhiberi
481 2976 524 3008 ab
553 2977 694 3019 optimis
722 2975 958 3017 scriptoribus
986 2986 1089 3007 nemo
1116 2976 1239 3008 nescit.

1537 3044 1576 3063 o*
