2100 3364
303 367 396 407 Iam
429 380 511 420 quo
546 366 790 406 discrimine
823 372 1005 420 utraque
1037 365 1177 406 forma
1199 380 1225 405 a
1248 365 1450 406 Terentio
1486 364 1742 406 adhibeatur

167 455 224 481 ex
254 439 361 481 locis
393 439 521 480 modo
554 438 698 480 allatis
732 440 904 480 omnino
937 455 1023 480 non
1047 454 1175 494 posse
1199 439 1379 488 definiri,
1413 440 1610 494 quamvis
1633 440 1738 480 miro

166 513 254 555 fere
285 513 413 554 modo
448 512 621 553 codices
667 513 709 553 in
757 512 1003 554 adhibenda
1050 519 1231 567 utraque
1277 513 1417 554 forma
1457 513 1739 561 consentiant,

166 587 267 628 mihi
300 587 506 641 persuasi.
553 586 664 627 Nam
697 601 836 641 neque
869 594 1051 627 accentu
1082 601 1221 641 neque
1254 587 1569 641 significatione
1605 588 1741 642 (ipsus

168 678 219 695 z
252 660 467 701 dominus)
511 675 649 715 neque
680 660 822 701 littera
864 662 1117 715 insequente
1149 676 1253 701 usus
1286 661 1414 701 certis
1448 661 1742 702 circumscribi

169 740 312 789 potest
342 733 512 786 finibus,
560 735 620 775 ita
668 741 714 776 ut
760 735 926 776 aurium
973 735 1063 776 fere
1109 734 1287 776 arbitrio
1320 735 1544 789 utriusque
1575 734 1741 777 formae

167 809 384 862 optionem
414 808 638 864 reliquisse
669 809 867 850 videatur
899 808 1140 850 Terentius.
1173 808 1225 850 Α.
1251 808 1466 850 Luchsius
1490 810 1667 863 quidem
1699 811 1741 851 in

166 881 451 923 Studemundi
485 883 635 924 studiis
672 884 715 924 in
751 884 918 937 priscos
944 884 1174 937 scriptores
1196 882 1355 923 latinos
1373 883 1393 924 I
1420 884 1438 922 1
1463 897 1503 937 p.
1527 883 1579 923 47
1602 883 1742 937 legem

168 957 409 1011 repperisse
443 956 524 997 sibi
556 959 673 998 visus
706 964 770 997 est
798 954 945 1011 ''ipsus‘'
980 957 1164 998 formam
1197 972 1222 997 a
1244 958 1382 1011 poetis
1415 958 1591 999 comicis
1623 974 1741 999 usur-

167 1031 273 1085 pari,
308 1030 381 1072 ubi
414 1045 511 1071 cum
542 1031 794 1085 pronomine
825 1030 1033 1071 reflexivo
1058 1031 1404 1084 coniungeretur‚
1440 1045 1620 1086 eamque
1643 1038 1742 1073 ante

165 1119 402 1159 pronomen
434 1104 687 1146 reflexivum
723 1105 838 1158 poni,
874 1119 1087 1159 nusquam
1129 1104 1354 1160 subsequi:
1390 1104 1465 1146 sed
1490 1105 1608 1147 vides
1631 1106 1742 1147 hanc

164 1179 306 1233 legem
337 1186 427 1220 tum
461 1179 633 1220 demum
664 1178 716 1219 de
748 1179 949 1219 Terentio
984 1178 1150 1228 valere,
1201 1180 1234 1220 si
1276 1194 1374 1221 cum
1404 1179 1593 1221 Luchsio
1628 1180 1743 1222 haud

165 1254 368 1307 exiguam
399 1251 594 1293 locorum
625 1258 793 1307 partem
824 1254 1072 1293 mutaveris.
1106 1253 1227 1294 Idem
1250 1253 1337 1294 fere
1361 1254 1490 1294 etiam
1513 1254 1565 1295 de
1588 1254 1740 1296 Plauto

164 1342 293 1382 posse
325 1327 530 1368 affirmari
561 1327 734 1368 Brixius
768 1327 812 1368 in
843 1327 1085 1382 appendice
1118 1327 1174 1368 ad
1206 1326 1332 1381 Capt.
1364 1326 1446 1368 458
1495 1328 1610 1369 dicit.
1673 1329 1744 1370 Ad

169 1401 334 1442 hiatum
367 1402 616 1443 evitandum
643 1399 793 1456 'ipsus'
828 1401 985 1455 legitur
1016 1401 1128 1443 Eun.
1161 1401 1256 1454 546,
1292 1400 1387 1449 974,
1440 1402 1612 1444 Phorm.
1648 1403 1740 1457 178,

163 1474 260 1525 215,
294 1476 403 1517 Hec.
437 1475 531 1524 343,
563 1475 659 1528 455,
694 1475 789 1526 812,
823 1475 907 1517 Ad.
940 1475 1036 1528 398,
1070 1475 1178 1527 4723
1210 1482 1388 1531 propter
1416 1477 1549 1518 ictum
1585 1478 1741 1532 (ipsus)

164 1550 298 1592 Andr.
333 1549 436 1603 576,
491 1551 597 1592 Hec.
638 1550 742 1591 344:
777 1552 848 1605 qui
890 1557 1056 1592 restant
1085 1550 1169 1591 loci
1201 1575 1257 1578 -—
1290 1557 1355 1591 est
1388 1558 1532 1592 autem
1565 1550 1741 1594 dimidia

163 1624 254 1665 fere
286 1639 387 1678 pars
410 1647 464 1652 -
486 1625 592 1665 certi
625 1625 855 1679 quicquam
887 1639 990 1679 prae
1015 1640 1059 1665 se
1090 1639 1178 1665 non
1210 1624 1364 1674 ferunt,
1400 1639 1482 1679 quo
1516 1625 1742 1681 eligendae

165 1699 330 1740 formae
348 1699 575 1740 consilium
595 1700 741 1741 statim
758 1700 1056 1754 perspiciatur.
1077 1699 1192 1751 Quid
1203 1699 1319 1754 quod
1337 1706 1482 1741 exstat
1494 1700 1630 1742 Andr.
1644 1700 1740 1742 597:

162 1771 300 1827 ‘ipsus
341 1770 508 1827 gnatus'
559 1780 599 1814 et
632 1774 764 1814 Haut.
812 1772 916 1814 894:
959 1770 1070 1828 ‘ipse
1119 1771 1304 1828 gnatus}
1352 1774 1435 1815 nisi
1484 1774 1597 1816 forte
1644 1775 1740 1816 loco

165 1847 308 1902 priore
342 1847 459 1902 quod
488 1846 529 1887 A
562 1847 706 1888 deficit
738 1861 835 1888 cum
869 1846 992 1888 CEP
1027 1854 1178 1888 contra
1210 1846 1374 1888 BD¹G
1400 1845 1519 1903 ³i13se'
1555 1848 1742 1891 scribere

164 1923 316 1963 mavis.
363 1921 430 1962 De
462 1921 616 1962 Plauto
651 1922 704 1962 cf.
736 1922 807 1963 Fr.
841 1922 932 1963 Leo
965 1923 1009 1963 in
1029 1922 1140 1962 Mus.
1164 1921 1298 1963 Rhen.
1322 1922 1567 1963 XXXVIII
1595 1922 1737 1974 (1883)

166 1995 194 2036 8
228 2010 303 2051 sq„
343 1995 416 2036 ubi
455 1995 576 2037 locos
616 2011 786 2051 quoque
828 1996 982 2051 quibus
1010 1994 1218 2051 ‘eumpse,
1262 2011 1392 2051 eopse
1433 1994 1523 2038 ete?
1561 1997 1742 2039 Plautus

165 2069 278 2110 dixit
324 2075 598 2111 enumeratos
630 2071 837 2111 invenies.
871 2069 959 2112 Sed
988 2086 1076 2112 non
1108 2086 1286 2125 possum
1319 2086 1368 2112 eo
1402 2071 1562 2112 adduci
1595 2079 1641 2113 ut
1663 2073 1742 2114 Te-

169 2144 353 2185 rentium
387 2159 556 2199 quoque
589 2145 679 2186 eius
703 2145 821 2186 modi
839 2145 988 2186 formis
1012 2160 1138 2187 usum
1171 2160 1266 2186 esse
1297 2145 1399 2186 mihi
1432 2146 1741 2200 persuadeam:

167 2233 268 2259 nam
299 2233 449 2260 versus
482 2219 553 2260 ille
588 2219 712 2271 (Hec.
752 2218 848 2271 163)
884 2234 967 2274 quo
1001 2219 1151 2261 fulcire
1185 2220 1328 2261 studet
1359 2220 1449 2261 Leo
1486 2222 1742 2262 sententiam

167 2307 289 2333 suam
319 2292 423 2334 mihi
462 2308 599 2349 aeque
632 2308 682 2334 ac
714 2292 905 2348 Guyeto,
946 2293 1176 2346 Fleckeis„
1198 2294 1418 2349 VVagnero
1452 2293 1741 2349 interpolatus

167 2381 261 2408 esse
293 2366 473 2408 videtur.

307 2439 344 2480 2.
378 2440 445 2482 De
477 2440 643 2483 formae
664 2457 778 2483 nom.
811 2441 921 2497 plur.
954 2441 1052 2483 fem.
1080 2438 1217 2482 ⁹haec'
1253 2456 1335 2482 usu
1356 2441 1618 2483 Terentiano
1643 2457 1742 2484 cum

167 2516 490 2557 accuratissime
523 2518 656 2570 egerit
686 2517 758 2557 Fr.
783 2516 1046 2559 Schmidtius
1073 2513 1174 2556 ‘Die
1196 2515 1512 2557 Pluralformen
1543 2515 1617 2556 des
1640 2517 1742 2558 Pro-

166 2603 346 2631 nomens
392 2588 461 2630 hic
510 2589 580 2631 bei
610 2589 788 2632 Plautus
826 2590 916 2631 und
946 2587 1184 2631 Terentius?
1220 2591 1262 2631 in
1294 2590 1483 2631 Hermae
1514 2589 1600 2631 vol.
1634 2590 1742 2632 VIII

166 2661 248 2703 478
282 2678 402 2718 sqq.‚
452 2678 536 2718 qua
568 2678 666 2705 cum
698 2664 992 2719 disputatione
1025 2663 1289 2705 conferenda
1321 2669 1386 2704 est
1417 2662 1611 2705 eiusdem
1639 2665 1740 2705 scri-

168 2738 303 2791 ptoris
336 2737 506 2779 dissert.
539 2739 683 2792 inaug.
710 2736 1022 2790 ‘Quaestioncs
1056 2737 1108 2779 de
1140 2738 1443 2792 pronominum
1475 2736 1740 2780 demonstra-

166 2809 353 2852 tivoruin
397 2811 546 2853 formis
592 2809 811 2853 Plautinis⁷
864 2811 1022 2863 (Berol.
1058 2810 1207 2864 1875),
1262 2812 1382 2852 cuius
1423 2810 1556 2853 libelli
1587 2825 1743 2853 censor

164 2885 334 2926 exstitit
382 2885 434 2926 G.
483 2885 820 2928 Studemundius
867 2887 910 2926 in
952 2885 1168 2927 Fleckeis.
1201 2885 1359 2927 Annal.
1408 2884 1556 2927 CXIII
1595 2883 1738 2939 (1876)

1526 2964 1574 2998 ³3*
