2100 3364
815 297 1094 338 -73-

175 424 267 478 177,
301 423 395 477 864,
429 424 600 465 Phorm.
633 422 729 475 382,
763 422 857 475 668,
892 423 998 464 Hec.
1025 422 1104 463 143
1126 424 1170 464 in
1189 422 1387 463 iambicis
1412 423 1603 475 senariiS,
1627 423 1738 464 Eun.

171 498 254 539 593
271 500 314 540 in
334 497 464 540 iamb.
483 504 605 552 sept,
625 497 759 538 Andr.
774 495 867 550 707,
900 497 1007 538 Hec.
1026 496 1107 537 218
1125 498 1170 538 in
1191 497 1327 538 troch.
1352 503 1474 552 sept,
1506 497 1638 538 Haut.
1659 496 1737 537 177

171 574 214 613 in
245 572 381 614 troch.
406 578 546 613 octon.
572 570 788 625 Sulpicius
807 570 951 625 Apoll.
976 577 1119 612 autem
1145 572 1188 611 in
1220 585 1310 623 arg.
1334 571 1391 612 ad
1412 571 1520 612 Hee.
1543 571 1569 612 5
1586 570 1738 612 habet:

165 645 287 688 ‘dei'n
309 647 526 702 profectus
548 645 739 686 Imbrum
762 651 848 686 est:
880 651 1061 699 nuptam
1082 645 1199 686 haud
1222 641 1388 698 attigit',
1421 644 1494 685 ubi
1525 644 1738 686 Fleckeis.

165 713 283 767 ‘dein
315 728 379 767 est
408 725 626 780 profectus
648 725 839 766 Imbrum
868 722 957 766 etc?
995 725 1178 779 scripsit.
1211 723 1277 765 Ac
1309 730 1423 766 certe
1455 723 1525 765 ille
1556 725 1740 766 formam

170 799 518 855 monosyllabam
548 799 679 840 habet
709 800 753 840 in
776 813 864 853 arg.
888 798 944 839 ad
964 798 1136 839 Phorm.
1158 813 1198 839 v,
1222 797 1269 839 9:
1296 795 1439 853 ‘pater
1470 800 1511 840 et
1533 797 1739 840 Chremes

168 874 328 915 reversi
360 874 555 915 fremere.
589 874 686 915 dein
725 871 890 914 minas'.
953 872 1042 915 Sed
1092 879 1139 914 ut
1182 879 1450 914 revertamur
1493 873 1607 914 unde
1655 875 1739 915 orsi

170 962 328 999 sumus,
352 947 495 989 facere
517 962 605 989 non
628 962 804 1003 possum
828 948 929 1002 quin
953 947 1185 1002 Spengelio
1213 946 1462 1002 adstipuler,
1497 948 1569 1002 qui
1591 948 1737 988 nescio

168 1036 225 1062 an
256 1027 372 1062 recte
403 1027 538 1062 metro
579 1021 816 1062 bacchiaco
843 1018 1026 1062 ‘de'i'nde'
1062 1022 1262 1062 excusari
1304 1020 1553 1062 contendat.
1604 1020 1738 1061 Porro

170 1097 205 1137 si
237 1095 467 1137 formulam
501 1093 620 1150 ‘post
661 1092 824 1137 deinde'
868 1096 955 1135 iam
1000 1095 1043 1135 in
1083 1094 1177 1148 lege
1218 1094 1449 1135 duodecim
1491 1093 1619 1146 (Gell.
1651 1094 1740 1135 XX

170 1170 206 1222 1,
240 1169 313 1223 45)
348 1171 569 1211 exstitisse
613 1175 863 1224 reputamus
915 1174 956 1210 et
1001 1169 1093 1223 ipse
1132 1168 1392 1209 Ritschelius
1439 1169 1510 1223 qui
1555 1169 1741 1210 formam

160 1240 313 1298 ‘poste'
346 1244 389 1284 in
420 1243 574 1284 Plauto
606 1243 882 1284 resuscitavit
917 1244 1003 1297 (op.
1036 1242 1080 1283 Π
1110 1242 1189 1283 541
1226 1245 1335 1298 sqq.)
1367 1257 1462 1284 eam
1493 1243 1536 1283 in
1568 1243 1738 1298 septimi

169 1316 330 1358 saeculi
360 1317 503 1371 legum
534 1317 889 1372 inscriptionibus
909 1323 1061 1372 utpote
1098 1322 1189 1358 tum
1227 1318 1495 1372 antiquatam
1524 1332 1740 1372 nusquam

165 1391 251 1445 legi
283 1391 494 1444 concedit,
527 1406 614 1433 non
646 1406 876 1446 possumus
909 1406 959 1433 eo
994 1391 1151 1433 adduci
1183 1397 1231 1432 ut
1261 1392 1509 1433 Terentium
1537 1393 1740 1447 antiquae

166 1465 331 1507 formae
362 1467 628 1508 tenaciorem
658 1467 765 1521 ipsis
796 1465 941 1521 legum
970 1466 1107 1508 titulis
1138 1481 1224 1508 uno
1255 1467 1347 1508 nixi
1377 1466 1473 1508 loco
1497 1466 1739 1508 credamus.

164 1541 278 1582 Eun.
309 1539 391 1581 493
426 1539 467 1581 A
498 1539 651 1582 habet:
677 1538 825 1582 ‘simul
853 1541 1102 1596 imperabo:
1141 1547 1241 1596 post
1272 1542 1474 1583 continuo
1509 1539 1644 1595 exeo',
1666 1540 1740 1582 ubi

163 1622 211 1656 ut
242 1630 413 1656 versum
445 1616 648 1669 efficeret,
674 1611 828 1670 ‘poste'
863 1615 899 1656 F
902 1614 1081 1657 leckeis.
1121 1616 1306 1670 scripsit,
1348 1616 1416 1656 cui
1447 1615 1740 1658 emendationi

166 1690 297 1731 etiam
328 1690 537 1731 maiorem
567 1691 659 1731 veri
682 1689 1006 1731 similitudinem
1025 1690 1178 1731 afferre
1199 1689 1457 1731 videbantur
1486 1689 1620 1731 verba
1650 1689 1739 1731 Do-

164 1765 277 1804 nati:
303 1761 477 1817 ‘legitur
508 1770 549 1806 et
584 1765 788 1819 „postea“
822 1770 863 1805 et
897 1761 1060 1819 „post“'
1104 1765 1174 1815 (cf.
1208 1764 1403 1806 Mueller.
1442 1780 1560 1820 pros.
1599 1763 1739 1806 Plaut.

164 1835 281 1890 460).
313 1835 570 1893 Ac‘postea'
595 1839 639 1879 in
660 1836 850 1879 BCEFP
872 1839 1006 1880 etiam
1029 1853 1143 1880 nunc
1164 1838 1366 1892 legimus.
1399 1839 1486 1881 Sed
1507 1840 1739 1893 genuinam

168 1911 403 1953 lectionem
443 1911 655 1967 praebent
687 1910 786 1965 DG,
828 1927 958 1967 quam
991 1912 1093 1967 quin
1124 1912 1435 1968 amplexemur,
1467 1928 1521 1954 ne
1562 1914 1739 1954 minima

166 1986 340 2041 quidem
381 1985 530 2028 subest
562 1984 795 2028 dubitatio:
828 1984 973 2028 ‘simul
1003 1986 1249 2041 imperabo:
1281 1988 1380 2042 post
1409 1987 1494 2029 huc
1532 1988 1737 2028 continuo

165 2057 283 2101 exeo'
332 2060 403 2110 (cf.
437 2060 571 2102 Haut.
603 2059 710 2101 502:
750 2059 973 2102 ‘continuo
1020 2061 1090 2102 hic
1122 2059 1302 2115 adsum',
1350 2061 1433 2103 Ad.
1477 2061 1579 2102 757:
1621 2060 1741 2117 ‘post

163 2133 248 2175 huc
279 2132 456 2184 redeo').
489 2134 641 2176 Plauto
675 2142 819 2177 autem
864 2137 1036 2190 saepius
1076 2135 1261 2177 formam
1300 2135 1610 2178 vindicandam
1642 2151 1737 2178 esse

162 2223 277 2249 nunc
310 2223 458 2250 omnes
491 2209 764 2250 consentiunt
796 2209 865 2259 (cf.
896 2210 1005 2250 Brix
1036 2209 1150 2251 Men.
1183 2209 1295 2260 839).

307 2281 372 2323 10.
395 2281 840 2325 Adverbium‘celere'
866 2290 1040 2325 exstare
1061 2284 1232 2325 videtur
1252 2284 1423 2326 Phorm.
1449 2284 1552 2325 179:
1578 2283 1737 2326 ‘nullus

164 2372 221 2409 es,
276 2356 408 2410 Geta,
460 2359 543 2399 nisi
597 2359 683 2399 iam
734 2358 911 2413 aliquod
956 2358 1034 2400 tibi
1085 2358 1314 2400 consilium
1366 2359 1504 2401 celere
1562 2357 1732 2414 reperis'

163 2431 218 2471 cf.
263 2429 428 2472 Charis.
475 2447 515 2486 p.
563 2432 658 2485 214,
704 2432 776 2486 143
820 2432 1023 2474 Donatus
1064 2439 1208 2474 autem
1247 2440 1288 2475 et
1319 2433 1455 2475 Prisc.
1498 2435 1517 2475 I
1567 2433 1663 2486 335,
1713 2434 1735 2473 7

162 2520 320 2546 nomen
353 2505 614 2547 adiectivum
644 2506 727 2548 hoc
748 2507 843 2548 loco
868 2514 1124 2561 agnoscunt.
1148 2508 1267 2549 Neue
1290 2508 1360 2549 Π2
1394 2507 1475 2549 659
1499 2509 1569 2563 qui
1591 2508 1735 2549 locum

164 2579 471 2620 Terentianum
495 2580 699 2634 neglexit,
723 2580 873 2622 laudat
894 2581 1032 2622 Plaut.
1057 2580 1182 2623 Curc.
1216 2581 1320 2622 283:
1346 2580 1425 2623 ‘ita
1456 2597 1569 2623 nunc
1594 2582 1734 2624 subito

163 2654 348 2708 propere
380 2660 422 2694 et
453 2653 592 2695 celere
635 2654 893 2696 obiectumst
924 2655 1027 2696 mihi
1058 2653 1303 2710 negotium',
1339 2672 1464 2711 quem
1496 2672 1668 2698 versum
1701 2658 1735 2697 si

161 2728 416 2781 respicimus
461 2727 579 2770 nulla
610 2735 754 2784 potest
794 2743 889 2771 esse
935 2729 1160 2782 dubitatio,
1211 2732 1314 2785 quin
1345 2730 1518 2771 Terenti
1566 2745 1736 2786 quoque

162 2800 259 2843 loco
282 2802 535 2845 adverbium
558 2817 687 2857 quam
710 2803 973 2845 adiectivum
1006 2810 1194 2845 statuere
1216 2804 1349 2845 multo
1374 2804 1642 2859 probabilius
1667 2805 1734 2845 sit.

302 2876 367 2917 11.
394 2874 638 2918 ‘Interdius'
674 2876 908 2918 Bembinus
941 2882 982 2917 et
1013 2876 1213 2918 Donatus
1247 2876 1408 2918 habent
1439 2877 1522 2919 Ad.
1554 2878 1659 2918 531:

213 2946 462 2992 ‘interdius:
497 2951 574 2992 sed
605 2951 639 2991 si
670 2951 737 2992 hic
771 2958 993 3006 pei-nocto,
1027 2954 1186 2992 causae
1219 2951 1322 3006 quid
1354 2951 1507 3005 dicam,
1541 2950 1676 3007 Syre',
