2100 3364
919 234 1084 274 27-

164 363 268 403 riter
311 362 365 403 ab
413 375 476 413 eo,
525 360 640 414 quod
685 366 750 401 est
781 359 942 409 hilaris,
990 359 1125 400 hilare
1172 366 1314 400 autem
1361 359 1414 400 ab
1462 358 1636 411 hilarus,
1684 364 1732 399 ut

164 435 371 477 Helenius
403 435 550 476 Acron
589 435 632 475 in
664 433 837 475 Terenti
869 433 1094 489 Adelphis,
1141 433 1215 474 ubi
1247 433 1474 475 Terentius
1521 433 1731 487 „hilarem

163 509 274 550 hunc
308 509 553 550 sumamus“
585 508 724 563 inquit
755 508 938 560 „diem‘ss
990 508 1066 549 sed
1098 514 1139 548 et
1170 507 1377 548 Afranius
1423 508 1466 548 in
1498 506 1730 549 Sororibus

164 598 304 637 „nunc
339 599 382 625 se
415 583 722 637 obsequentem
755 588 883 637 atque
916 581 1094 623 hilarem
1118 579 1379 636 praebeaff‘?
1415 580 1609 636 Utroque
1631 579 1728 622 loco

157 654 362 699 ‘hilarem'
396 657 496 698 ferri
527 671 614 698 non
646 670 774 711 posse
796 657 1089 711 unusquisque
1119 656 1248 708 Videt,
1282 671 1411 710 quam
1434 655 1488 697 ob
1512 671 1601 698 rem
1632 655 1732 697 inde

164 748 190 774 a
227 732 437 773 Palmerio
485 732 564 772 viri
614 731 731 773 docti
776 733 917 785 priore
965 731 1227 786 scripserunt
1268 727 1447 783 ⁶hilare'‚
1494 731 1732 785 posteriore

157 803 367 847 ‘hilarum'
401 805 468 846 vel
496 803 721 859 'bilai-ans,
753 804 1019 846 Ribbeckius
1053 803 1122 846 vel
1152 805 1222 845 hie
1248 802 1410 846 'hilare'
1456 803 1565 854 (scil.
1593 801 1733 845 ‘obse-

160 878 407 934 quentem').
441 880 527 921 Sed
549 880 590 921 hi
612 879 895 934 neglexerunt
927 878 1182 920 adverbium
1199 876 1364 920 “hilare'
1401 893 1496 920 esse
1521 878 1732 919 usitatum

160 959 288 1008 atque
306 953 389 1008 legi
408 953 643 995 identidem
676 953 792 1008 apud
815 951 1068 994 Ciceronem
1086 953 1280 1007 aliosque
1308 952 1379 1004 (cf.
1398 952 1518 993 Neue
1541 951 1598 992 112
1615 949 1729 1005 660),

161 1034 311 1069 contra
344 1043 518 1082 perraro
541 1028 753 1083 reperitur
768 1024 1004 1069 fhilariter'.
1035 1027 1148 1069 Niun
1170 1034 1217 1068 tu
1239 1028 1367 1081 igitur
1389 1033 1515 1082 putas
1547 1027 1731 1068 formam

161 1102 429 1142 tritissimam
452 1100 661 1156 exemplis
684 1101 1067 1156 comprobaturum
1086 1101 1221 1143 fuisse
1245 1100 1519 1142 Charisium‘?
1541 1100 1731 1142 Minime.

161 1175 297 1216 Immo
347 1176 447 1217 olim
494 1176 755 1217 adiectivum
795 1173 986 1217 ⁶hilarus'
1036 1175 1268 1228 exstitisse,
1317 1175 1430 1217 unde
1477 1174 1733 1216 adverbium

161 1250 274 1291 istud
327 1251 532 1291 usitatum
580 1248 741 1291 ‘hilare'
799 1251 1008 1304 originem
1056 1250 1240 1302 duxerit,
1289 1249 1586 1291 demonstrare
1625 1248 1730 1290 vult.

162 1324 313 1380 Itaque
346 1325 520 1366 Terenti
552 1325 647 1366 loco
681 1323 827 1365 Acron
873 1325 964 1366 sine
997 1324 1127 1365 dubio
1164 1321 1376 1366 ⁹hilarum⁷
1413 1324 1585 1378 scripsit
1618 1330 1660 1364 et
1690 1323 1734 1364 in

161 1398 313 1439 Afrani
345 1414 474 1440 versu
507 1396 716 1441 ‘hilaram'
754 1398 1029 1439 scribendum
1075 1399 1166 1451 erit,
1202 1399 1236 1438 si
1269 1413 1366 1439 eum
1398 1399 1441 1439 in
1467 1394 1727 1440 “Sororibus'

161 1473 379 1515 exstitisse
439 1480 704 1528 reputamus.
766 1473 836 1514 Ex
891 1472 956 1513 his
967 1506 978 1526 ,
1041 1487 1149 1527 quae
1201 1471 1284 1513 huc
1345 1486 1480 1527 usque
1542 1472 1732 1528 disputa-

159 1548 321 1600 vimus,
375 1547 629 1588 adverbium
674 1545 837 1588 “hilare’
884 1562 971 1588 non
1014 1548 1118 1588 satis
1170 1546 1343 1588 defendi
1385 1561 1514 1601 posse
1557 1547 1733 1588 Terenti

159 1621 254 1662 loco
297 1627 491 1676 apparet.
548 1621 697 1663 Potest
748 1627 891 1663 autem
944 1620 1121 1662 dubium
1172 1636 1265 1662 esse
1327 1628 1469 1662 utrum
1515 1618 1727 1662 ‘hilarum'

160 1711 214 1736 an
241 1692 447 1738 ⁸hilarem'
481 1696 535 1736 sit
568 1695 856 1736 scribendum.
888 1694 1000 1736 Nam
1032 1694 1198 1736 Probus
1223 1693 1346 1736 Cath.
1382 1693 1446 1748 15,
1481 1694 1570 1736 91(
1603 1695 1729 1737 dicit:

153 1768 322 1811 ‘hilaris
354 1770 438 1824 legi
470 1776 510 1811 et
542 1769 705 1811 hilarus
737 1771 781 1810 in
813 1767 1041 1811 Terentio⁷.
1074 1769 1227 1824 Itaque
1261 1771 1295 1810 si
1329 1771 1423 1824 quis
1452 1770 1583 1812 Probi
1616 1772 1732 1812 testi-

160 1847 351 1886 monium
383 1843 516 1899 pluris
549 1844 694 1897 faciat,
729 1859 857 1899 quam
890 1844 1046 1885 Heleni
1078 1843 1276 1897 Aeronis‚
1309 1846 1346 1885 is
1377 1860 1475 1886 cum
1508 1845 1732 1887 codicibus

155 1915 361 1959 ⁴'hilarem'
398 1918 560 1960 scribat
590 1933 769 1960 necesse
802 1925 880 1960 est.
914 1918 1082 1960 Eodem
1114 1918 1243 1960 modo
1276 1918 1433 1973 legitur
1453 1918 1589 1960 Andr.
1625 1918 1731 1960 782:

154 1990 427 2034 *iocularium
458 1993 501 2033 in
532 1992 694 2034 malum
724 1994 912 2034 insciens
946 2007 1082 2047 paene
1115 1990 1274 2046 ineidi'‚
1310 2007 1407 2034 cum
1429 1993 1600 2035 Phorm.
1646 1992 1731 2034 134

154 2064 409 2108 ¹‘iocularem
442 2065 680 2108 audaciam'
715 2068 966 2122 reperimus.

295 2140 428 2182 Haud
458 2146 574 2182 recte
608 2142 748 2195 egisse
780 2141 883 2182 mihi
914 2141 1086 2182 videtur
1116 2141 1491 2196 Umpfenbaehius
1540 2142 1731 2184 scribens

160 2215 270 2255 Eun.
305 2214 387 2255 314
433 2229 530 2256 cum
577 2215 803 2257 codicibus
856 2218 1061 2268 (ceterum
1093 2217 1136 2257 in
1167 2215 1206 2257 A
1239 2216 1492 2258 membrana
1538 2217 1732 2259 lacerata

160 2290 265 2339 est):
314 2287 377 2330 'ut
408 2290 591 2343 graciles
625 2288 759 2343 sient*⁷
810 2305 907 2332 cum
953 2290 1120 2332 Probus
1153 2290 1276 2332 Cath.
1325 2306 1365 2346 p.
1407 2291 1476 2344 23,
1518 2291 1645 2331 261<
1692 2298 1734 2332 et

161 2363 439 2418 Eugraphius
482 2361 703 2418 “gracilae'
759 2365 986 2420 legendum
1053 2380 1147 2407 esse
1200 2366 1486 2419 contendant,
1546 2367 1733 2420 itemque

160 2437 375 2490 Donatus,
425 2453 549 2491 quem
584 2439 831 2493 scripsisse:
872 2436 937 2480 ⁹ut
967 2439 1157 2493 gracilae
1204 2437 1310 2492 <“-es⁷
1353 2440 1497 2491 codd.)
1533 2439 1659 2493 sient]
1694 2439 1732 2480 A

163 2512 369 2565 singulari
416 2511 582 2566 gracila
629 2510 723 2564 (‘-is'
760 2514 905 2564 codd.)
946 2515 1064 2555 venit
1094 2513 1202 2555 haec
1246 2512 1488 2555 declinatio'
1539 2514 1635 2554 luce
1668 2521 1732 2554 est

161 2585 333 2639 clarius,
367 2600 463 2626 cum
485 2586 626 2628 forma
651 2584 852 2641 “gracilis'
878 2588 1106 2629 notissima
1127 2611 1184 2616 -—
1204 2602 1305 2629 nam
1328 2603 1406 2629 nos
1430 2594 1545 2629 certe
1567 2588 1733 2629 formae

159 2657 375 2714 ‘gracilus
424 2662 622 2702 notitiam
654 2663 725 2702 uni
758 2662 930 2704 Terenti
978 2662 1073 2703 loco
1117 2663 1323 2704 debemus
1356 2687 1410 2692 —
1442 2663 1733 2717 explicatione

160 2748 247 2775 non
279 2742 417 2788 egeat.
454 2734 653 2776 Ceterum
685 2736 868 2777 formam
901 2737 1150 2778 Terentium
1182 2737 1323 2791 ipsum
1354 2737 1534 2778 finxisse
1565 2737 1733 2778 Probus

160 2807 301 2850 dicere
333 2809 500 2850 videtur
532 2808 591 2864 (p.
624 2809 716 2859 23):
743 2808 986 2851 ‘Terentius
1018 2808 1181 2864 nove',
1214 2811 1330 2866 quod
1362 2816 1429 2852 sat
1461 2810 1637 2852 difficile
1669 2818 1734 2852 est

161 2882 411 2937 diiudicatu‚
444 2899 545 2925 nam
578 2884 795 2925 adiectiva
826 2884 869 2925 in
896 2881 981 2937 stis,
1016 2885 1081 2937 -is‚
1115 2882 1164 2925 -e⁷
1200 2884 1361 2925 formas
1414 2884 1651 2926 secundum
1691 2885 1734 2925 H

1779 2445 1801 2454 ,-

1775 2457 1796 2466 „-

1766 2476 1791 2485 ›-

1806 2451 1836 2485 θ.
1858 2425 1908 2497 Ab
1923 2431 2015 2498 A&
2025 2435 2085 2481 a
