2100 3364
850 281 1131 323 *10—

206 416 378 465 oportet
424 406 736 451 adulescentuli
789 404 947 459 causa’,
1000 406 1136 447 Andr.
1182 405 1283 445 466:
1326 403 1507 446 ‘bonum
1559 405 1775 458 ingenium

205 498 356 525 narras
408 477 724 533 adulescentis,
776 479 947 520 Phorm.
996 479 1097 519 731:
1145 477 1224 520 ‘ita
1270 484 1438 533 patrem
1484 477 1774 519 adulescentis

204 558 322 599 facta
353 557 461 598 haec
493 554 677 596 tolerare
710 554 839 595 audio
872 551 1090 595 violenter'
1127 553 1199 594 alii
1231 552 1366 594 multi.

342 630 465 681 Quae
496 644 594 670 cum
625 629 686 669 ita
719 629 815 681 sint,
866 641 1005 682 neque
1046 641 1125 680 ego
1173 626 1336 667 formas
1378 626 1610 667 distractas
1642 640 1667 666 a
1697 626 1777 666 Te-

204 707 339 747 rentio
374 703 624 745 abiudicare
656 702 818 744 dubito.
881 700 1083 742 Ceterum
1114 707 1285 756 praeter
1316 700 1515 753 Ennium,
1562 699 1775 749 Plautum,

204 780 454 821 Lucretium
476 780 607 820 etiam
629 776 884 818 Ciceronem
901 775 1226 830 Vergiliumque
1258 790 1330 816 eas
1356 773 1606 816 adhibuisse
1628 780 1778 814 notum

203 861 269 895 est
299 854 369 905 (cf.
401 852 534 905 Neue7
573 849 879 893 Formenlehre
911 848 952 890 Ι2
985 850 1068 902 11).

209 978 251 1021 ΙΙ.
287 978 345 1020 De
390 977 681 1021 declinatione
716 987 826 1030 quae
858 977 1024 1029 stirpes
1065 974 1103 1017 in
1136 986 1177 1018 -e
1211 973 1423 1017 exeuntes
1456 972 1777 1028 complectitur.

338 1092 487 1134 Dativi
509 1092 553 1132 in
572 1099 612 1132 -e
635 1097 808 1132 exstare
825 1090 1026 1132 videntur
1044 1103 1203 1144 eosque
1225 1088 1552 1129 Fleckeisenius
1574 1088 1773 1139 restituit,

204 1168 403 1221 quamvis
436 1167 481 1207 in
513 1164 737 1207 codicibus
768 1165 952 1219 vestigia
984 1179 1071 1205 non
1103 1165 1343 1218 supersint:

204 1239 341 1281 Andr.
365 1239 468 1281 296:
496 1237 631 1281 ‘bona
652 1241 801 1280 nostra
826 1239 935 1280 haec
957 1239 1035 1280 tibi
1057 1239 1258 1293 permitto
1282 1244 1324 1280 et
1345 1244 1444 1279 tuae
1468 1237 1625 1278 mando
1662 1234 1772 1290 fide’‚

201 1316 310 1356 Eun.
345 1314 449 1355 886:
476 1312 574 1368 ‘ego
607 1316 675 1356 me
707 1320 806 1356 tuae
839 1314 1094 1355 commendo
1130 1319 1171 1354 et
1204 1313 1425 1353 committo
1458 1309 1569 1366 fides,

210 1389 313 1431 ibid.
345 1388 453 1430 898:
478 1387 689 1444 ‘recipere
711 1388 927 1444 posthac?
960 1387 1047 1429 Ciu·
1077 1387 1193 1429 non‘?
1226 1386 1365 1428 Crede
1396 1387 1479 1428 hoc
1510 1388 1632 1428 meae
1664 1383 1772 1428 fide.5

338 1462 598 1505 Genetivum
643 1464 703 1504 ita
750 1464 950 1504 exaravit
995 1462 1128 1503 Haut.
1164 1462 1272 1502 1002
1322 1461 1406 1513 (ed.
1453 1461 1595 1502 Berol.
1646 1460 1772 1511 1812)

200 1537 460 1592 WagnerUS,
491 1543 539 1578 ut
576 1537 769 1579 ordinem
803 1552 886 1592 quo
926 1537 1096 1591 singula
1125 1536 1260 1578 verba
1291 1538 1335 1577 in
1357 1535 1395 1576 A
1428 1551 1523 1577 sese
1554 1536 1777 1590 excipiunt

201 1617 412 1652 servaret:
429 1608 545 1653 “eum
566 1610 669 1652 mihi
693 1612 964 1666 precatorem
986 1626 1116 1666 paro:
1139 1611 1230 1652 seni
1252 1611 1400 1651 nostro
1423 1609 1508 1651 fide
1529 1609 1589 1651 nil
1609 1606 1775 1661 hebed,

201 1686 278 1728 sed
298 1702 401 1727 num
417 1701 456 1726 -e
473 1686 616 1727 littera
633 1687 791 1740 corripi
807 1686 994 1740 potuerit
1010 1685 1137 1727 valde
1157 1684 1320 1735 dubito,
1345 1700 1474 1740 quam
1493 1684 1545 1726 ob
1564 1699 1655 1726 rem
1678 1698 1776 1724 cum

199 1760 395 1802 Bentleio
429 1767 471 1801 et
501 1759 799 1801 Fleckeisenio
827 1758 904 1801 “nil
934 1760 1035 1801 fidei
1086 1760 1135 1813 (S.
1167 1759 1269 1812 fide)
1313 1756 1463 1801 habeo'
1501 1758 1776 1800 scribendum

200 1841 277 1876 est.
311 1834 420 1875 Sunt
452 1835 525 1889 qui
557 1835 685 1875 etiam
718 1834 828 1876 Eun.
862 1832 943 1875 801
987 1835 1199 1876 scribant:
1245 1833 1420 1875 “faciam
1452 1841 1499 1876 ut
1530 1834 1656 1875 huius
1691 1832 1775 1874 loci

199 1909 354 1963 dieque
385 1909 555 1963 meique
589 1923 757 1962 semper
788 1907 1058 1963 memineris,
1093 1924 1356 1964 quamquam
1379 1908 1580 1963 equidem
1610 1908 1772 1950 homoi-

199 1988 417 2030 oteleuton
456 1989 640 2043 figuram
670 1978 859 2044 “diffique
890 1978 1068 2045 mgiqu&
1115 1989 1343 2031 delendam
1388 2004 1476 2031 non
1517 1990 1771 2044 putaverim.

200 2063 321 2104 Idem
363 2078 514 2105 versus
564 2063 722 2117 legitur
760 2064 901 2106 Plaut.
954 2062 1079 2119 Capt.
1128 2064 1212 2104 800
1262 2063 1406 2106 verbis
1446 2062 1548 2105 ‘loci
1590 2061 1769 2118 dieique'

199 2138 487 2192 transpositis.

337 2210 401 2251 Ac
434 2212 631 2265 quamvis
671 2212 857 2253 fortasse
888 2212 1099 2253 lubricum
1131 2212 1329 2254 videatur
1361 2213 1520 2255 certius
1554 2213 1657 2270 quid
1690 2219 1773 2254 sta-

197 2291 329 2338 tuere,
363 2300 460 2326 cum
482 2300 567 2326 non
593 2285 730 2327 solum
753 2285 940 2340 codices,
974 2302 1236 2343 quamquam
1267 2288 1345 2329 hos
1368 2287 1486 2330 nulla
1506 2303 1600 2330 esse
1624 2294 1770 2330 aucto-

200 2359 327 2399 ritate
351 2358 548 2414 exemplo
582 2360 773 2414 perbello
808 2361 954 2403 docuit
974 2361 1265 2403 Buechelerns
1291 2362 1334 2415 (l.
1368 2377 1404 2403 c.
1437 2378 1478 2417 p.
1512 2361 1598 2415 67),
1622 2378 1772 2404 verum

200 2433 329 2474 etiam
362 2438 553 2474 veterum
575 2435 820 2476 testimonia
843 2435 1106 2477 Terentiana
1125 2437 1229 2477 nihil
1250 2436 1306 2477 ad
1336 2452 1425 2478 rem
1449 2435 1772 2479 diiudicandam

199 2506 499 2561 suppeditent,
547 2513 691 2549 tamen
742 2524 839 2550 cum
891 2525 926 2551 e.
973 2526 1012 2565 g.
1066 2512 1264 2553 omnibus
1312 2511 1418 2553 locis
1469 2536 1525 2540 ——
1575 2514 1769 2567 exceptis

200 2581 350 2633 paucis
391 2580 475 2621 illis
509 2581 662 2635 quibus
708 2585 831 2624 metri
876 2587 1136 2627 necessitate
1168 2592 1346 2628 coactus
1379 2588 1422 2627 in
1453 2586 1537 2627 fine
1568 2601 1771 2627 versuum

199 2653 482 2695 iambicorum
528 2652 617 2695 ⁹re's'
672 2656 813 2699 dicere
859 2665 989 2714 poeta
1041 2660 1229 2702 debebat
1283 2686 1329 2690 —
1385 2663 1439 2702 sit
1490 2662 1770 2717 pronuntian-

205 2731 305 2773 dum
336 2736 411 2787 rei,
446 2736 551 2788 spei7
586 2733 701 2776 haud
724 2737 935 2780 absonum
957 2746 1022 2781 ost
1052 2742 1095 2781 in
1118 2741 1298 2782 vocibus
1322 2740 1636 2796 monosyllabis
1671 2743 1765 2783 sim-

202 2805 301 2859 plici
346 2807 489 2849 littera
521 2807 622 2860 —e¹“’)
667 2812 741 2852 uti.
801 2810 933 2867 Apud
964 2814 1166 2856 Plautum
1207 2821 1322 2856 certe
1354 2816 1511 2868 partim
1545 2815 1769 2859 codicibus

338 2932 375 2972 ¹²)
402 2932 515 2965 Aliter
540 2935 713 2967 iudicavit
739 2936 959 2969 lx’itschelius
985 2939 1088 2980 proll.
1115 2951 1146 2981 p.
1173 2940 1244 2973 XC.
