2100 3364
976 304 1258 344 „14—

466 429 534 471 De
566 426 927 470 voee‘intervias'
954 444 1063 484 quae
1086 429 1242 484 legitur
1263 430 1373 472 Eun.
1405 429 1488 471 629
1521 431 1575 472 cf.
1598 432 1902 485 Buce-helerus,

328 502 568 545 Grundriss
601 504 677 544 der
707 503 852 544 latein.
885 503 1163 545 Declination
1206 505 1272 546 ed.
1306 505 1350 546 Π
1380 520 1420 560 p.
1455 505 1508 546 63
1539 512 1581 547 et
1613 520 1722 561 quae
1754 515 1903 549 contra

325 576 638 618 Buechelerum
671 577 910 632 disputavit
942 577 1076 619 Henr.
1108 577 1336 632 Iordanus,
1367 579 1576 621 kritische
1598 580 1800 635 Beitrage
1823 588 1905 623 etc.

328 667 367 706 p.
400 650 480 691 271
520 664 613 706 sqq.

462 725 648 767 Formas
671 725 859 780 genetivi
882 727 925 767 in
946 733 1007 766 -ai
1029 726 1262 768 distractas
1285 727 1460 769 codices
1476 743 1615 783 neque
1639 728 1827 770 Plautini
1855 728 1901 780 ¹¹)

325 814 463 855 neque
475 800 725 842 Terentiani
743 799 965 854 praebent.
988 800 1194 842 Attamen
1217 816 1290 842 eas
1313 801 1466 844 Plauto
1499 803 1787 845 vindicandas
1811 818 1906 844 esse

326 888 474 915 omnes
521 875 602 915 viri
649 874 767 915 docti
813 875 1114 929 consentiunt,
1164 890 1428 931 quamquam
1471 878 1696 919 verissime
1741 879 1908 919 monuit

324 947 617 990 Buechelerus
649 947 676 989 l.
710 962 746 989 c.
779 963 819 1004 p.
863 948 918 989 64
956 948 1073 991 haud
1117 949 1178 990 ita
1221 949 1489 1005 frequentem
1529 952 1647 1006 apud
1680 953 1905 993 scaenicos

325 1037 473 1064 earum
518 1022 654 1064 fuisse
698 1037 836 1064 usum.
894 1023 1086 1075 (Brixius
1131 1024 1189 1065 ad
1219 1024 1455 1066 Trinumm.
1504 1023 1585 1065 359
1631 1027 1785 1080 viginti
1816 1026 1906 1068 fere

326 1099 527 1153 quinque,
560 1098 801 1139 Lorenzius
834 1098 891 1139 ad
921 1098 1010 1139 Mil.
1043 1098 1100 1139 84
1130 1100 1479 1155 quattuordecim
1508 1099 1616 1142 locis
1646 1101 1832 1142 formam
1863 1103 1908 1142 in

325 1171 466 1213 Plauti
488 1172 725 1213 comoediis
747 1172 979 1226 legendam
1002 1188 1097 1214 esse
1120 1175 1393 1226 statuerunt.)
1421 1175 1471 1215 In
1494 1175 1695 1216 Terentio
1721 1176 1907 1230 quinque

324 1246 432 1287 locis
455 1246 677 1288 Bentleius
699 1246 887 1287 formam
908 1247 1149 1302 reponebat
1171 1247 1307 1290 Andr.
1350 1247 1455 1289 439:
1495 1246 1728 1304 ‘hospitai'‚
1772 1249 1907 1290 Haut.

324 1318 428 1360 515:
458 1317 659 1373 rCliniaiss
692 1319 749 1362 ib.
783 1319 887 1360 893:
910 1318 1132 1375 ‘'sponsas,
1155 1321 1327 1363 Phorm.
1352 1320 1454 1362 597:
1483 1320 1757 1376 ⁹Phaedrias,
1791 1323 1899 1364 Hec.

326 1394 434 1448 prol.
467 1395 487 1435 Ι
531 1395 577 1434 1;
612 1392 824 1436 ‘fabulai'.
886 1395 1030 1451 Atque
1077 1411 1132 1437 ex
1178 1403 1301 1451 parte
1341 1396 1494 1438 saltem
1533 1397 1570 1438 ei
1603 1411 1807 1439 assensus
1841 1403 1905 1438 est

324 1469 634 1510 Lachmannus
666 1469 723 1510 ad
746 1469 919 1510 Lucret.
952 1469 1136 1510 111374.
1169 1470 1337 1512 Primus
1370 1472 1461 1512 eius
1483 1472 1603 1513 modi
1635 1473 1858 1526 genetivos
1881 1487 1905 1512 a

322 1544 524 1584 Terentio
550 1542 815 1584 abiudicavit
845 1543 1109 1585 Ritschelius
1142 1534 1266 1599 proll.
1292 1560 1332 1600 p.
1358 1544 1604 1587 CCCXXV
1636 1560 1742 1601 sqq„
1777 1560 1903 1601 quein

327 1624 500 1659 secutus
547 1625 612 1659 est
659 1619 770 1659 inter
815 1617 1047 1673 plerosque
1078 1618 1387 1661 Buechelerus.
1419 1619 1486 1662 Ac
1527 1626 1695 1661 ceteros
1727 1620 1849 1662 locos
1881 1635 1906 1661 a

324 1691 519 1734 Bentleio
551 1698 789 1747 temptatos
830 1694 1142 1747 praetermitto,
1187 1693 1239 1735 de
1273 1693 1428 1749 quibus
1465 1694 1593 1736 hodie
1625 1709 1750 1736 nemo
1786 1694 1906 1736 dubi-

324 1774 407 1821 tet3
442 1782 550 1809 unus
583 1773 752 1808 tantum
783 1782 950 1821 versus,
1003 1774 1067 1808 est
1115 1774 1259 1809 autem
1306 1769 1440 1810 Haut.
1481 1768 1576 1823 515,
1624 1769 1836 1811 medellae
1882 1784 1907 1810 a

325 1842 521 1884 Bentleio
556 1841 777 1883 adhibitae
810 1841 1030 1898 quandam
1061 1844 1153 1883 Veri
1186 1843 1374 1897 speciem
1414 1843 1566 1885 afferre
1597 1844 1790 1885 videtur:

527 1931 659 1974 ‘Num
692 1934 759 1974 1116
790 1932 946 1974 fefellit
975 1932 1105 1975 hosce
1137 1933 1182 1974 id
1214 1933 1408 1976 struere?
1438 1933 1644 1976 videlicet

549 2007 627 2049 Ille
662 2006 818 2049 Cliniai
852 2010 999 2049 se'rvos
1032 2007 1326 2050 tardiusculus
1359 2005 1448 2050 est’.

324 2098 441 2140 Nihil
487 2100 601 2140 enim
640 2100 825 2140 mutavit
876 2100 942 2140 vir
983 2101 1313 2154 sagacissimus,
1361 2101 1445 2141 nisi
1485 2101 1603 2156 quod
1648 2107 1695 2143 ut
1730 2116 1903 2143 versum

325 2174 515 2215 efficeret
538 2170 724 2214 ‘Clinias
758 2188 836 2229 pro
863 2171 1056 2216 ‘Cliniae'
1094 2175 1278 2229 scripsit.
1322 2173 1486 2216 Contra
1515 2175 1726 2217 Ritscheli
1766 2191 1905 2218 6111611-

326 2249 457 2301 datio7
515 2249 587 2303 qui
634 2247 785 2289 addita
831 2263 940 2290 voce
980 2246 1108 2304 ‘quia'
1145 2255 1187 2291 et
1216 2248 1361 2291 Verbis
1407 2251 1685 2305 transpositis
1733 2251 1905 2306 scripsit

319 2320 439 2378 ''quia
472 2321 638 2363 Cliniae
670 2322 740 2363 ille
773 2337 922 2364 servos
954 2321 1060 2376 etc.'‚
1094 2323 1197 2364 mihi
1221 2338 1308 2365 non
1331 2323 1546 2379 satisfacit
1567 2339 1705 2380 neque
1728 2339 1906 2380 possum

326 2397 408 2438 hac
442 2403 556 2438 certe
597 2398 641 2438 in
671 2412 716 2438 re
747 2397 1063 2453 reprehendere
1103 2398 1516 2453 Umpfenbachium,
1571 2400 1643 2454 qui
1664 2399 1906 2441 Bentleiun]

325 2487 455 2527 quam
499 2471 783 2513 Ritschelium
836 2473 956 2527 sequi
1004 2473 1218 2514 maluerit.
1282 2472 1340 2514 At
1389 2475 1559 2528 egregie
1606 2474 1780 2515 Brixius
1832 2474 1906 2526 (ad

325 2547 441 2587 Trin.
475 2545 574 2598 359)
609 2546 754 2587 10611111
788 2561 967 2588 sanasse
1005 2547 1177 2588 videtur
1211 2547 1426 2588 scribens:
1463 2546 1552 2590 rille
1592 2548 1906 2590 adulescen—

325 2622 407 2662 tis
442 2635 590 2662 servos
624 2618 961 2675 tardiusculust’,
996 2636 1096 2663 nain
1128 2623 1188 2663 ita
1220 2621 1338 2677 loqui
1371 2623 1546 2664 Terenti
1577 2622 1737 2676 fuisse,
1791 2638 1905 2665 com-

328 2695 470 2751 plures
519 2694 808 2750 comprobant
852 2695 950 2749 loci,
999 2711 1020 2737 e
1068 2696 1223 2751 quibus
1269 2696 1311 2738 hi
1359 2697 1578 2739 sufficiant
1619 2697 1750 2739 Haut.
1797 2696 1903 2738 530:

321 2767 468 2810 ‘istum
521 2768 738 2811 servolum
791 2770 886 2811 dico
935 2767 1254 2824 adulescentis'⁷
1297 2786 1337 2812 v.
1378 2770 1480 2812 546:
1519 2768 1581 2812 ⁹at
1629 2777 1670 2812 te
1704 2771 1902 2814 adiutare

466 2908 504 2949 ¹¹)
532 2909 610 2941 Nisi
644 2912 737 2953 quod
768 2913 879 2948 Poen,
903 2913 990 2955 prol.
1033 2914 1073 2944 51
1102 2914 1160 2945 BC
1205 2914 1377 2956 praebent
1417 2910 1635 2946 ‘comoedias'
1678 2914 1749 2955 [vel
1786 2915 1903 2957 potius

324 2960 553 2998 ‘comoediais
582 2965 744 3001 inodiosi’
774 2981 836 3012 pro
862 2965 1073 3002 ‘comoediai
1099 2972 1153 3003 sin
1181 2971 1260 3003 odio
1288 2967 1372 3012 est').
