2100 3364
809 223 974 263 μῦς,
1034 248 1087 251 ,-

159 346 312 400 abduc,
346 347 428 388 duc
455 348 662 403 quantum
693 345 878 402 potest').
911 347 976 389 Ac
999 347 1167 389 duobus
1190 362 1298 403 quos
1322 350 1483 403 primos
1507 349 1728 391 attulimus

159 421 266 463 locis
296 421 462 463 formae
492 421 645 476 plenae
667 422 933 462 retineantur
962 436 1142 463 necesse
1170 428 1254 463 est:
1287 428 1552 465 excusantur
1583 429 1727 464 autem
1782 402 1803 445 <³³
1903 442 1924 501 7
2006 451 2100 505 “M

159 496 275 551 quod
306 497 350 537 in
370 496 454 537 fine
487 496 640 550 prioris
671 510 821 536 versus
844 496 978 550 partis
1008 502 1191 550 utroque
1212 497 1374 550 pariter
1417 496 1514 538 loco
1539 503 1726 538 exstant.
1775 459 2037 564 &hri-rimam

160 569 289 622 Quod
319 575 617 624 argumentum
662 584 749 610 non
782 570 979 610 omittere
1011 568 1199 611 debebat
1231 569 1509 623 Schubertus,
1554 571 1589 610 si
1620 570 1727 612 locis
1808 520 1901 604 faa

158 645 228 698 qui
260 650 425 686 restant
444 644 606 685 formas
643 642 844 697 volgares
875 657 901 684 a
924 642 1079 697 quibus
1101 658 1189 684 non
1219 645 1453 685 recessisse
1475 643 1724 685 Terentium

159 719 243 759 nisi
282 718 544 759 necessitate
591 722 792 758 coactum
838 716 1130 758 restituendas
1164 732 1259 758 esse
1291 717 1430 758 voluit
1475 717 1603 759 nobis
1635 733 1727 773 per-

157 791 336 833 suadere
360 792 403 843 (l.
423 806 459 832 c.
482 806 522 846 p.
544 790 630 842 17).
663 791 883 832 Dziatzko
907 796 1051 832 autem
1071 789 1248 843 (Jenaer
1272 791 1596 835 Literaturzeit.
1618 793 1725 834 1878

155 880 196 920 p.
219 863 318 915 309)
339 865 446 907 locis
470 864 623 920 quibus
647 864 819 919 syllaba
852 866 997 920 stirpis
1019 865 1171 907 ultima
1192 866 1281 907 ictu
1303 867 1516 921 efferatur,
1540 867 1724 909 formam

155 940 414 995 pleniorem,
466 939 710 980 breviorem
763 938 917 994 quibus
971 939 1226 980 adverbium
1275 941 1541 995 praecedens
1591 943 1723 983 ictum

154 1012 326 1067 habeat,
376 1014 580 1069 scriptam
627 1028 721 1054 esse
768 1029 794 1054 a
825 1013 1027 1054 Terentio
1076 1013 1313 1067 contendit,
1361 1029 1471 1069 quae
1512 1016 1726 1056 sententia

154 1089 351 1143 quamvis
383 1103 470 1129 non
501 1087 629 1142 plane
674 1086 981 1142 comprobetur
1012 1087 1249 1141 codicibus,
1297 1088 1429 1130 habet
1459 1094 1606 1131 tamen
1638 1105 1721 1146 quo

155 1162 490 1204 commendetur.
552 1161 639 1203 Sed
668 1167 763 1203 utut
801 1168 878 1215 est,
931 1168 1031 1203 ante
1077 1169 1369 1205 consonantes
1416 1170 1531 1205 certe
1576 1164 1726 1206 formis

153 1236 290 1291 plenis
321 1237 547 1277 Terentius
593 1251 681 1277 non
726 1251 829 1278 usus
862 1242 928 1278 est
957 1237 1039 1278 nisi
1086 1244 1185 1279 ante
1224 1252 1462 1279 caesuram.
1525 1237 1725 1280 Ceterum

152 1310 359 1366 simplicis
404 1309 525 1352 verbi
570 1311 720 1366 imper.
766 1309 879 1352 ‘due'
932 1311 1091 1367 ubique
1131 1311 1282 1363 (Andr.
1330 1312 1426 1366 818,
1473 1313 1587 1356 Eun.
1627 1312 1724 1366 377,

151 1385 284 1426 Haut.
315 1384 412 1439 432,
465 1385 635 1427 Phorm.
670 1384 763 1439 103,
798 1385 892 1439 718,
945 1385 1028 1427 Ad.
1060 1384 1159 1439 506)
1214 1393 1314 1428 ante
1366 1401 1586 1428 consonas
1638 1387 1724 1441 legi

152 1459 312 1501 addere
358 1458 475 1500 haud
508 1474 878 1514 supervacaneum
909 1467 988 1502 est.
1049 1461 1227 1503 Plautus
1261 1467 1404 1503 autem
1437 1467 1478 1502 et
1519 1461 1725 1516 simplicis

150 1533 272 1575 verbi
304 1534 607 1588 imperativum
628 1534 802 1589 plenum
824 1534 957 1576 habet
978 1550 1116 1591 neque
1138 1537 1182 1577 in
1205 1536 1460 1591 compositis
1484 1535 1541 1577 ad
1563 1542 1725 1577 certam

150 1622 301 1649 versus
334 1608 479 1650 sedem
512 1623 608 1650 eum
640 1609 818 1651 adhibet
847 1610 1072 1652 astrictum
1106 1611 1177 1657 (cf.
1209 1611 1329 1651 Neue
1361 1611 1424 1651 ΙΙ2
1455 1609 1573 1665 439).

286 1683 395 1737 Imp.
435 1680 561 1724 ‘dice’
610 1698 823 1738 nusquam
869 1699 895 1725 a
926 1685 1129 1726 Terentio
1179 1686 1365 1739 scriptus
1413 1700 1508 1726 esse
1554 1684 1726 1726 videtur

150 1756 301 1798 eodem
332 1758 480 1812 utique
526 1758 655 1799 modo
690 1773 772 1813 quo
822 1759 1008 1814 simplex
1034 1757 1188 1800 “duce’.
1251 1759 1382 1810 Quod
1419 1759 1520 1800 inde
1552 1774 1723 1814 quoque

149 1837 331 1885 apparet
363 1830 478 1886 quod
500 1833 696 1886 quamvis
719 1833 1001 1887 imperativus
1025 1833 1120 1888 plus
1144 1835 1429 1889 quinquagies
1453 1836 1495 1875 in
1518 1834 1719 1875 Terentio

150 1910 293 1945 exstet
338 1911 467 1960 atque
510 1912 609 1947 ante
656 1907 832 1948 vocales
880 1909 1105 1962 quinquies
1154 1907 1308 1960 (Andr.
1343 1908 1437 1961 873,
1485 1908 1595 1949 Eun.
1629 1907 1723 1955 72-1,

149 1978 320 2019 Phorm.
342 1978 438 2033 447,
463 1979 557 2033 712,
588 1980 671 2021 Ad.
694 1980 809 2035 572),
842 1997 896 2022 ne
926 1982 1104 2023 minima
1137 1982 1310 2037 quidem
1342 1983 1527 2036 vestigia
1558 1982 1724 2023 formae

149 2051 303 2107 plenae
325 2054 368 2094 in
390 2054 614 2096 codicibus
639 2062 866 2111 apparent.
898 2056 1049 2112 Itaque
1072 2071 1211 2111 neque
1234 2071 1313 2111 ego
1337 2056 1523 2110 probare
1545 2071 1724 2111 possum

150 2127 443 2169 coniecturam
474 2128 749 2171 Fleckeiseni
782 2130 1010 2172 scribentis
1041 2131 1150 2172 Hec.
1183 2129 1288 2171 803:

192 2199 490 2244 ‘accedebann
523 2204 780 2247 adulescens
813 2204 1013 2246 dicedum
1047 2219 1209 2260 quaeso
1243 2219 1286 2245 es
1319 2210 1365 2245 tu
1395 2202 1673 2259 Myconius?

158 2274 447 2320 Confirmatur
469 2281 579 2321 enim
603 2279 803 2320 codicum
825 2279 952 2320 lectio
969 2276 1173 2320 “dicdum'
1213 2280 1342 2320 etiam
1364 2279 1474 2319 Eun.
1509 2276 1611 2319 707:
1636 2276 1724 2320 ‘dic

150 2350 249 2392 dum
282 2349 364 2391 hoc
395 2363 575 2401 rursum,
620 2347 814 2389 Chae'rea
845 2354 962 2389 tuam
994 2348 1159 2388 vestem
1191 2347 1380 2388 detraxit
1411 2344 1514 2388 tibi'.
1573 2346 1724 2402 Neque

150 2429 294 2464 tamen
346 2423 489 2478 placet
534 2422 649 2478 quod
682 2421 932 2474 Goveanus,
965 2421 1200 2474 Bentleius,
1248 2421 1408 2475 Umpf.,
1458 2420 1722 2462 Schubertus

151 2499 207 2552 (p.
245 2496 309 2548 15)
352 2498 635 2552 scripserunt:

200 2569 501 2613 ⁹2'tccedebam:
535 2570 788 2613 adulescens
821 2569 996 2611 dicdum
1027 2571 1188 2625 quaeso
1222 2576 1297 2610 tun
1329 2585 1374 2611 es
1407 2566 1663 2624 Myconius',

150 2646 225 2688 sed
266 2645 435 2687 collatis
477 2645 612 2686 Andr.
660 2644 755 2697 324,
801 2645 912 2685 Eun.
959 2642 1043 2684 360
1081 2642 1180 2685 ‘eho
1225 2644 1326 2685 dum
1373 2643 1442 2684 dic
1485 2640 1596 2683 mihi⁷
1649 2642 1721 2695 (cf.

147 2719 282 2760 Andr.
323 2719 417 2773 667,
459 2719 554 2771 931,
593 2719 765 2760 Phorm.
801 2718 916 2771 748),
956 2719 1088 2759 Haut.
1129 2715 1232 2758 310:
1267 2716 1366 2771 “age
1399 2717 1501 2758 dum
1531 2716 1723 2757 vicissim

150 2792 258 2847 Syre
290 2792 367 2835 dic'
404 2793 678 2835 scribendum
710 2793 1016 2847 proponimus:

200 2866 499 2910 “accedebamz
518 2883 610 2922 age
630 2867 882 2909 adulescens
902 2865 1074 2908 dicdum
1093 2881 1253 2920 quaeso
1274 2881 1319 2906 es
1340 2872 1386 2907 tu
1404 2861 1662 2920 Myconius’.
1757 2851 1963 2918 sag-vescia(

218 2957 484 2990 Engelbrecht.
505 2958 605 2984 Studia
627 2958 817 2984 Terentiana.
1516 2945 1536 2975 5
