2100 3364
986 304 1269 346 -30-

479 432 644 485 Quodsi
678 431 811 473 Haut.
844 429 927 472 923
959 445 1057 472 cum
1087 431 1389 473 Fleckeisenio
1423 447 1571 473 omnes
1602 431 1752 486 legunt
1778 430 1912 487 ‘potis

339 504 462 560 esse’,
497 506 549 548 de
581 505 691 559 loco,
741 506 938 561 quamvis
984 511 1161 547 nostrae
1201 505 1496 548 observationi
1527 521 1614 548 non
1646 506 1911 559 adversetur,

340 581 467 622 aliter
499 581 651 634 sentio,
685 595 782 621 cum
813 579 920 621 haec
953 579 1125 622 dicendi
1156 580 1266 622 ratio
1298 595 1386 621 non
1415 581 1657 635 reperiatur
1677 581 1759 622 nisi
1789 582 1914 622 raris-

340 656 446 696 sime
493 654 563 702 (cf.
604 655 775 697 Lorenz
818 655 976 697 Pseud.
1012 652 1138 707 1290)
1189 661 1230 696 et
1275 656 1369 710 ipse
1414 655 1641 697 Terentius
1688 655 1799 696 Eun.
1832 654 1915 696 666

336 726 539 784 potesse'
575 728 705 772 dicat.
738 728 798 770 At
830 729 1031 771 codicum
1060 729 1203 782 lectio,
1235 729 1319 771 nisi
1352 729 1468 784 quod
1498 730 1543 770 in
1564 728 1604 770 A
1626 744 1702 784 per
1725 743 1914 771 errorem

340 801 533 845 xocula
541 801 590 845 te'
628 804 789 846 omissa
820 809 898 856 est,
933 805 1160 858 aptissima
1192 810 1258 847 est
1280 810 1323 847 et
1343 804 1418 846 illa
1444 804 1746 848 emendatione
1777 804 1912 846 multo

339 877 504 932 potior:

13 1007 16 1009 ,
525 949 687 994 ‘nonne
718 952 763 994 id
793 952 1058 1006 flagitiumst,
1092 959 1144 994 te
1177 952 1303 994 aliis
1335 953 1565 995 consilium
1596 953 1712 1007 dare,

0 1050 132 1094 tam?
154 1060 292 1088 ,mm
533 1026 641 1068 foris
675 1028 838 1082 sapere,
871 1026 974 1068 tibi
1005 1042 1093 1069 non
1124 1028 1281 1087 posse
1285 1034 1336 1069 te
1368 1025 1641 1069 auxiliarier'.

67 1074 169 1152 hm),
172 1118 227 1151 ,f
194 1033 316 1165 „A
343 1100 467 1152 Quae
500 1101 733 1156 aptissima
765 1100 946 1143 chiasmi
977 1101 1129 1156 figura,
1165 1102 1200 1143 si
1232 1101 1582 1143 Fleckeisenium
1621 1116 1912 1157 sequeremur,

341 1189 520 1230 prorsus
553 1176 779 1218 deleretur.

509 1248 746 1292 .Forma
754 1247 971 1292 necessus'
1007 1251 1177 1293 duobus
1207 1250 1316 1293 locis
1340 1251 1490 1293 codice
1521 1250 1563 1292 A
1585 1250 1781 1304 traditur,
1816 1265 1914 1292 cum

342 1264 503 1366 ceterio
509 1284 607 1367 libri
640 1325 851 1381 praebent
876 1322 1107 1367 ‘necesse'z

481 1400 593 1441 Eun.
626 1398 730 1440 998:
758 1397 873 1453 fnisi,
907 1401 1007 1455 quia
1028 1415 1234 1442 necessus
1255 1399 1337 1442 fuit
1357 1400 1440 1442 hoc
1461 1400 1618 1454 facere,
1649 1399 1696 1441 id
1717 1397 1912 1454 gaudeo',

479 1474 612 1515 Haut.
645 1472 749 1515 360:
776 1472 841 1515 ⁶ut
874 1476 927 1516 sit
959 1489 1177 1516 necessus.
1210 1474 1366 1517 Merito
1399 1481 1440 1516 te
1472 1489 1584 1528 amo,
1618 1472 1784 1516 Clinia'.

338 1547 484 1603 Atque
501 1548 812 1590 Lachmannus
832 1549 889 1590 ad
910 1549 1085 1591 Lucret.
1112 1549 1173 1590 VI
1195 1549 1277 1590 815
1299 1550 1431 1591 etiam
1452 1548 1589 1591 Andr.
1613 1548 1696 1590 372
1719 1549 1914 1590 codicem

338 1621 380 1662 A
406 1619 640 1665 ‘necessus'
674 1623 879 1665 habuisse
912 1624 1178 1679 suspicatur:
1215 1621 1361 1679 ‘quasi
1392 1638 1598 1666 necessus
1633 1624 1701 1677 sit,
1751 1624 1784 1664 si
1816 1622 1915 1664 huic

341 1711 427 1738 non
461 1696 547 1751 dat,
581 1698 623 1738 te
654 1696 774 1740 illam
807 1713 988 1740 uxorem
1021 1696 1204 1741 ducere'.
1257 1699 1506 1741 Terentium
1538 1699 1651 1740 enim
1683 1703 1783 1739 ante
1815 1711 1915 1739 con-

341 1778 547 1813 sonantes
564 1769 812 1827 ‘necessus',
846 1779 947 1816 ante
967 1773 1144 1815 vocales
1169 1771 1375 1816 =‘necesse’
1405 1773 1656 1815 adhibuisse
1678 1771 1914 1814 contendit.

341 1845 393 1886 Id
425 1845 540 1901 quod
571 1853 687 1889 recte
720 1862 765 1889 se
787 1847 948 1890 habere
979 1848 1086 1890 locis
1112 1847 1310 1890 omnibus
1336 1847 1531 1890 collectis
1562 1847 1771 1890 intellexi.
1805 1845 1915 1888 Sunt

341 1927 486 1962 autem
517 1920 580 1962 hi:
609 1918 806 1964 ‘necesse
839 1919 915 1964 est’
950 1923 1061 1964 Eun.
1095 1921 1190 1977 969,
1227 1921 1348 1977 1075,
1381 1923 1514 1964 Haut.
1547 1920 1644 1976 209,
1676 1922 1785 1964 Hec.
1810 1919 1914 1974 3043

332 1992 528 2037 ‘necesse
558 1993 727 2037 habere'
762 1995 934 2038 Phorm.
970 1996 1073 2049 2963
1102 1994 1295 2039 ‘necesse
1327 1994 1477 2039 habeo'
1514 1996 1597 2039 Ad.
1630 1996 1698 2039 51.
1731 1996 1911 2039 Plautus

339 2068 421 2110 hac
452 2068 593 2111 forma
623 2085 840 2126 nusquam
871 2073 1025 2113 utitur:
1059 2078 1175 2114 certe
1198 2073 1240 2113 in
1264 2071 1490 2114 codicibus
1521 2070 1631 2113 haec
1653 2071 1794 2113 forma
1816 2086 1916 2113 nus-

341 2159 469 2199 quam
504 2145 662 2199 legitur
693 2152 734 2187 et
764 2146 892 2188 Truc.
926 2146 1008 2186 222
1039 2147 1230 2201 Bergkio
1256 2146 1437 2189 debetur
1473 2146 1544 2199 (ef.
1584 2145 1827 2188 Schoellius
1860 2145 1917 2188 ad

340 2218 380 2259 h.
414 2234 477 2271 v.3
525 2220 655 2261 etiam
693 2220 898 2263 Buechel.
939 2236 980 2276 p.
1016 2221 1066 2261 17
1108 2237 1202 2264 eam
1236 2221 1390 2263 Plauto
1430 2221 1637 2274 vindicat,
1686 2221 1762 2263 sed
1792 2221 1914 2262 locos

342 2292 496 2347 quibus
528 2293 612 2348 legi
645 2309 740 2337 eam
771 2295 875 2337 velit
912 2311 1001 2337 non
1045 2296 1224 2349 indicat,
1273 2303 1314 2338 et
1348 2295 1446 2338 Cas.
1488 2295 1583 2348 240,
1631 2296 1762 2338 Poen.
1806 2293 1914 2336 1233

343 2366 589 2423 Geppertus
622 2376 857 2424 praeeunte
888 2370 1173 2412 Lachmanno
1223 2372 1283 2412 sic
1332 2372 1507 2425 scripsit
1553 2378 1700 2426 aperte
1749 2370 1914 2412 dissua-

343 2442 543 2484 dentibus
576 2443 834 2497 codicibus.)
888 2443 1051 2486 Contra
1085 2445 1257 2499 saepius
1289 2445 1469 2487 Plautus
1495 2443 1749 2487 ‘necessum'
1783 2443 1916 2486 habet

347 2517 416 2567 (cf.
463 2517 583 2558 Neue
615 2518 678 2559 112
714 2517 827 2573 100),
876 2519 993 2574 quod
1037 2533 1177 2574 neque
1222 2520 1424 2562 Terentio
1470 2521 1738 2575 incognitum
1782 2519 1914 2561 fuisse

341 2591 556 2645 Donatus,
592 2594 627 2634 si
661 2593 725 2634 dis
757 2593 914 2648 placet,
949 2594 1005 2636 ad
1026 2595 1137 2636 Eun.
1162 2593 1244 2634 998
1267 2595 1420 2636 tradit:
1438 2592 1635 2637 ‘necesse
1656 2600 1722 2635 est
1743 2609 1914 2636 nomen.

341 2680 441 2707 nam
472 2681 679 2708 necessus
724 2669 917 2709 necessis
950 2675 992 2709 et
1022 2669 1260 2710 necessitas
1300 2675 1342 2710 et
1372 2683 1599 2710 necessum
1629 2667 1788 2709 lectum
1820 2665 1912 2710 esf.

340 2740 525 2782 Vastam
558 2741 670 2782 hanc
700 2743 920 2783 variarum
942 2742 1175 2784 lectionum
1198 2744 1444 2797 congeriem
1466 2758 1512 2785 re
1533 2757 1637 2784 vera
1660 2743 1717 2784 ad
1738 2742 1913 2784 Terenti

342 2814 484 2855 locum
508 2817 727 2857 exstitisse
763 2817 808 2858 id
830 2817 980 2859 credat
1000 2817 1188 2860 Iudaeus
1213 2817 1390 2874 Apella:
1424 2818 1557 2860 verba
1578 2819 1743 2860 Donati
1767 2817 1913 2873 qualia

342 2903 454 2929 nunc
486 2888 688 2943 leguntur
718 2891 892 2933 tolerari
914 2898 1145 2947 nequeunt.
1178 2893 1274 2947 Ego
1301 2917 1348 2922 —
1373 2907 1474 2934 nam
1505 2906 1660 2934 vocem
1685 2890 1909 2935 ‘necessis'

341 2964 572 3015 genuinam
605 2979 699 3007 esse
731 2980 861 3021 posse
893 2966 1158 3008 Buechelero
1191 2967 1262 3018 (cf.
1287 2963 1322 3008 Ἰ.
1346 2981 1382 3008 c.
1415 2981 1456 3022 p.
1493 2966 1561 3019 18)
1596 2966 1780 3009 libenter
1811 2981 1912 3009 con-
