2100 3364
394 1102 621 1157 Sermonis
645 1112 893 1153 Terentiani
914 1113 1146 1167 puritatem
1171 1112 1368 1154 omnibus
1390 1112 1657 1167 temporibus
1680 1115 1827 1168 magni

255 1188 532 1229 aestimatam
578 1200 674 1228 esse
714 1192 755 1227 et
787 1184 1097 1228 Casaubonum
1146 1200 1221 1227 suo
1268 1187 1359 1227 iure
1407 1186 1639 1238 dixisse¹):
1680 1185 1824 1229 ⁹nemo

256 1262 389 1303 latine
420 1261 618 1316 loquetur
648 1260 771 1314 bene,
805 1262 877 1315 qui
899 1260 1147 1302 Terentium
1178 1275 1263 1302 non
1296 1258 1575 1313 contriverit'‚
1609 1261 1667 1303 ad
1697 1276 1829 1303 unum

257 1350 404 1377 01111105
438 1336 591 1390 opinor
622 1334 877 1378 concedunt.
911 1334 1117 1376 Attamen
1150 1340 1247 1376 sunt
1289 1337 1361 1390 qui
1393 1334 1640 1376 comoedias
1673 1335 1830 1376 Teren-

254 1412 397 1450 tianas
438 1408 642 1451 obsoletis
684 1409 914 1451 verborum
955 1408 1103 1451 formis
1154 1415 1195 1450 et
1235 1409 1391 1464 priscis
1432 1423 1591 1451 vocum
1631 1410 1831 1451 termina-

254 1485 447 1527 tionibus
478 1483 656 1539 implere
688 1489 853 1525 certent
884 1489 925 1524 et
958 1483 1074 1538 quod
1103 1482 1258 1524 Plauto
1291 1482 1601 1524 vindicandum
1632 1498 1726 1524 esse
1748 1484 1828 1525 viri

254 1559 375 1600 docti
406 1563 661 1608 statuerunt,
695 1557 810 1599 idem
831 1557 1033 1599 Terentio
1058 1557 1292 1598 attribuere
1323 1572 1412 1599 non
1444 1557 1654 1599 dubitent.
1686 1557 1830 1612 Atque

253 1632 450 1674 eiusdem
482 1631 612 1673 studii
633 1631 1011 1686 reprehensionem
1033 1631 1102 1672 vel
1132 1646 1323 1673 summus
1346 1631 1567 1673 Bentleius
1589 1632 1665 1672 vix
1686 1637 1831 1686 potest

256 1707 467 1760 effugere,
511 1707 582 1761 qui
630 1707 802 1760 saepius
840 1706 1003 1747 formas
1041 1711 1238 1747 vetustas
1278 1720 1303 1746 a
1342 1706 1561 1759 magistris
1600 1721 1833 1761 puerorum

256 1795 391 1822 causa
412 1781 661 1822 immutatas
685 1779 852 1835 sibique
875 1781 1084 1835 genuinas
1106 1779 1396 1822 restituendas
1420 1795 1513 1822 esse
1538 1781 1738 1835 opinatus
1763 1782 1828 1832 sit,

256 1860 408 1896 contra
447 1861 591 1896 autem
623 1855 784 1896 formas
822 1856 917 1909 ipso
949 1853 1059 1896 libro
1091 1854 1302 1896 Bembino
1351 1854 1665 1910 suppeditatas,
1697 1854 1830 1896 veluti

250 1927 489 1982 ‘'necessus,
522 1929 639 1970 hisce
675 1930 804 1981 (nom.
838 1929 964 1985 plur.)
1002 1926 1122 1983 sim.'‚
1155 1945 1181 1971 a
1203 1935 1333 1984 poeta
1364 1929 1689 1971 abiudicaverit.
1741 1929 1826 1970 His

258 2004 364 2058 ipsis
398 2009 541 2045 autem
574 2003 724 2045 diebus
759 2005 830 2059 qui
855 2001 1120 2058 ‘Epistulam
1142 2001 1396 2045 Plautinam'
1422 2003 1519 2059 plus
1549 2018 1633 2045 uno
1656 2005 1830 2045 nomine

257 2092 371 2132 quae
401 2077 569 2132 legatur
611 2077 786 2132 dignam
824 2078 1005 2119 inseruit
1051 2077 1162 2119 Mus.
1210 2077 1346 2119 Rhen.
1393 2077 1633 2120 XXXVIII
1681 2075 1830 2132 (1883)

258 2151 331 2192 Fr.
363 2151 454 2193 Leo
481 2149 712 2193 ‘abaetere'
747 2167 834 2193 non
858 2153 999 2206 magis
1030 2151 1210 2194 verbum
1239 2152 1486 2194 Plautinum
1519 2167 1648 2208 quam
1679 2152 1836 2194 Teren-

256 2226 425 2266 tianum
446 2241 540 2267 esse
564 2226 713 2267 statuit
737 2224 795 2281 (p.
819 2224 906 2281 24).
926 2225 1049 2277 Quae
1071 2228 1180 2269 ratio
1206 2242 1334 2282 quam
1351 2227 1597 2282 periculosa
1615 2228 1682 2282 sit,
1705 2241 1835 2269 unus-

259 2299 440 2355 quisque
464 2301 609 2341 statim
630 2300 862 2355 intelleget,
887 2301 958 2356 qui
980 2307 1183 2343 accurate
1206 2302 1431 2355 pensitatis
1449 2302 1516 2355 iis,
1540 2316 1650 2357 quae
1667 2308 1832 2343 veteres

258 2374 343 2427 ipsi
387 2373 439 2414 de
471 2373 645 2415 Terenti
685 2374 855 2416 dicendi
896 2390 1053 2430 genere
1091 2375 1405 2430 iudicaverunt,
1452 2376 1616 2418 formas
1663 2377 1831 2432 priscas

258 2464 287 2490 a
319 2448 520 2489 Terentio
563 2447 780 2490 adhibitas
815 2463 963 2490 omnes
1004 2449 1225 2504 collegerit
1264 2450 1556 2505 collectasque
1587 2451 1833 2492 accuratius

261 2521 602 2576 perlustraverit.
655 2523 842 2565 Tantum
883 2526 996 2566 enim
1037 2525 1162 2566 abest
1208 2530 1255 2567 ut
1295 2526 1544 2568 Terentium
1584 2525 1666 2567 hac
1704 2527 1748 2567 in
1789 2541 1834 2568 re

262 2595 403 2637 Plauti
425 2597 684 2638 imitatorem
708 2597 1095 2653 deprehendamus,
1130 2606 1176 2642 ut
1208 2614 1305 2642 eum
1335 2600 1379 2642 in
1401 2601 1649 2642 universum
1671 2601 1832 2642 formas

262 2670 463 2724 volgares
514 2677 554 2712 et
600 2672 798 2724 rusticas,
851 2688 961 2728 quae
1008 2673 1258 2729 plerumque
1309 2675 1479 2729 priscae
1532 2690 1627 2716 esse
1679 2675 1831 2728 solent,

260 2747 479 2800 respuisse
526 2746 594 2788 vel
640 2752 753 2788 certe
800 2762 886 2789 non
933 2749 1024 2790 sine
1070 2764 1204 2791 causa
1245 2748 1495 2791 adhibuisse
1540 2749 1667 2792 facile
1706 2749 1833 2791 nobis

262 2820 614 2874 persuadeamus.

403 2964 425 3003 ³)
453 2962 504 2995 Cf.
530 2964 659 2997 Annal.
686 2975 803 3007 gymn.
829 2965 984 2999 Berolin.
1011 2965 1042 2997 V
1068 2967 1184 3007 (1851)
1211 2967 1277 2998 274
1310 2966 1390 2999 adn.
1416 2968 1448 3001 2.
