2100 3364
780 228 1060 269 —25-

272 357 594 398 Nominativum
632 351 789 395 ‘sortis'
824 355 864 395 in
899 354 1033 396 altero
1082 356 1201 395 exitu
1234 354 1369 396 Andr.
1402 369 1443 395 v,
1475 353 1503 394 4
1548 352 1703 394 Fleck-

136 431 320 472 eisenius
353 437 393 471 et
425 428 678 484 Spengelius
711 429 996 482 scripserunt3
1028 429 1070 469 in
1103 428 1224 470 libris
1265 435 1351 469 est:
1389 425 1527 482 ‘perii,
1559 427 1705 468 Dave:

135 504 188 545 de
219 519 313 546 meo
354 518 499 545 amore
546 517 597 543 ac
628 503 719 543 vita
752 517 845 543 sors
892 499 1082 543 tollitur&
1144 502 1209 542 Ac
1241 502 1384 543 forma
1423 498 1583 543 'sortis'
1618 517 1703 543 uno

133 586 299 620 tantum
330 578 424 619 loco
459 584 603 619 exstat
634 577 773 618 Plaut.
807 576 906 618 Cas.
938 577 982 618 H
1015 576 1051 629 6,
1086 576 1139 617 28
1176 576 1292 628 (271)
1334 583 1444 618 teste
1482 577 1705 617 Prisciano

139 652 175 703 (I
207 650 301 705 320,
338 652 359 691 7
391 652 469 702 H).
533 649 622 692 Sed
667 666 805 706 neque
836 651 1085 692 Terentium
1131 666 1183 692 ea
1213 666 1392 692 usurum
1437 650 1571 691 fuisse
1603 657 1706 704 puto

134 742 272 782 neque
304 741 413 779 eum,
448 726 515 766 cui
539 725 646 767 alter
668 726 810 767 exitus
835 725 1026 779 debetur,
1061 741 1156 767 eam
1179 724 1431 766 adhibuisse
1452 739 1707 780 persuasum

133 800 287 842 habeo.
346 799 442 840 Iam
474 798 672 853 Guyetus
717 806 763 840 ut
794 814 969 840 versum
1001 798 1191 840 efficeret
1220 800 1401 840 inseruit
1426 796 1568 840 ‘nunc³
1605 806 1704 840 ante

127 871 266 927 ‘sci-s',
301 873 546 927 Wagnerus
593 871 730 914 “iam':
777 880 1004 928 utrumque
1057 873 1173 928 quod
1219 873 1393 928 quidem
1439 874 1494 915 ad
1536 888 1709 915 sensum

134 950 344 990 enuntiati
375 949 528 988 attinet
559 954 721 1002 aptum.

269 1023 401 1064 Porro
430 1020 562 1063 “itere'
597 1037 674 1077 pro
701 1019 879 1063 ‘itinere'
906 1023 1079 1076 scripsit
1101 1022 1321 1064 Bentleius
1345 1021 1478 1063 Haut.
1502 1021 1581 1061 271
1618 1022 1708 1062 sine

134 1111 266 1138 causa
317 1098 579 1149 necessaria,
613 1103 654 1138 et
695 1096 867 1137 Phorm.
911 1095 1006 1149 566,
1049 1111 1132 1151 quo
1175 1096 1285 1149 loco,
1326 1111 1379 1137 ne
1421 1092 1600 1136 ‘itinere’
1656 1095 1710 1135 sit

132 1171 512 1225 pronuntiandum,
563 1185 661 1212 cum
703 1170 1005 1212 Fleckeisenio
1048 1169 1324 1211 scribendum
1365 1176 1449 1210 est:
1491 1167 1594 1224 ‘qua
1638 1170 1710 1210 via

135 1247 250 1286 istuc
275 1244 436 1286 facies?
467 1245 626 1286 Dicam
648 1245 690 1285 in
711 1245 884 1297 itinere3
916 1244 1016 1285 hinc
1037 1244 1167 1286 modo
1200 1251 1242 1286 te
1265 1240 1426 1285 amove’
1466 1244 1542 1295 (sc.
1564 1242 1708 1284 verbis

133 1319 399 1371 novissimis,
452 1334 562 1374 quae
621 1319 796 1360 codices
846 1318 1056 1373 praebent
1102 1317 1249 1360 ‘'inodo
1301 1325 1343 1360 te
1393 1318 1492 1360 hinc
1543 1315 1705 1359 amove⁷

133 1393 441 1448 transpositis).
474 1393 542 1434 De
572 1393 693 1434 vocis
734 1407 815 1434 usu
845 1392 1044 1435 Plautino
1086 1393 1141 1434 cf.
1188 1393 1308 1435 Neue
1339 1392 1380 1435 ΙΩ
1413 1393 1507 1434 188.

581 1908 843 1957 NOMINA
880 1910 1273 1958 ADIEGTIVA.

273 2065 308 2105 1.
341 2063 604 2106 Ritschelius
638 2079 706 2119 op.
729 2064 793 2105 IV
816 2063 917 2104 174:
946 2061 1190 2117 ⁹„dextra‘⁴''
1224 2065 1362 2120 inquit
1386 2061 1590 2106 ‘formam
1612 2079 1710 2106 cum

135 2138 317 2192 pristina
363 2145 485 2180 aetas
533 2138 749 2194 probavit,
799 2145 889 2179 tum
935 2139 1063 2179 tertia
1110 2138 1285 2180 adultae
1323 2138 1518 2193 linguae3
1566 2140 1709 2181 media

135 2218 278 2253 aetate
308 2212 535 2267 trisyllaba
558 2213 699 2254 forma
721 2213 919 2267 regnavit
951 2212 1056 2265 sola,
1089 2220 1135 2254 ut
1166 2213 1283 2268 apud
1304 2213 1506 2255 Plautum
1536 2213 1708 2268 ubique,

141 2300 270 2340 quam
301 2288 429 2328 tertia
462 2289 601 2341 poetis
634 2293 803 2328 tantum
835 2285 1059 2328 concessit'
1099 2287 1170 2339 (cf.
1195 2303 1263 2343 op.
1287 2288 1330 2329 ΙΙ
1362 2287 1458 2342 523,
1493 2287 1605 2338 673).
1640 2290 1706 2330 De

136 2359 245 2401 locis
266 2359 477 2401 Plautinis
511 2361 710 2402 omnibus
743 2361 788 2402 id
819 2376 907 2402 non
937 2362 1082 2403 valere
1114 2361 1428 2404 demonstravit
1460 2362 1707 2415 Muellerus,

135 2434 342 2476 additam.
367 2435 423 2476 ad
444 2449 560 2489 pros.
583 2435 722 2476 Plaut.
748 2450 788 2490 p.
825 2436 868 2489 13
893 2436 1120 2478 Terentius
1145 2443 1289 2478 autem
1320 2439 1370 2478 in
1392 2437 1502 2478 fine
1524 2450 1710 2477 versus

129 2505 339 2548 ‘dextera'
366 2508 521 2560 (Andr.
543 2508 636 2562 734,
662 2508 755 2562 751,
779 2509 889 2550 Eun.
916 2509 1027 2563 775),
1060 2513 1110 2551 in
1142 2510 1311 2551 medio
1344 2525 1500 2551 versu
1525 2507 1708 2551 “dextra'

141 2581 292 2632 (Haut.
342 2581 448 2635 493,
494 2581 596 2635 732,
639 2582 722 2624 Ad.
765 2583 868 2636 583,
921 2583 1060 2625 Andr.
1103 2584 1201 2637 289)
1256 2585 1385 2637 dixit,
1437 2585 1551 2625 unde
1592 2590 1713 2638 patet
1948 2613 1954 2646 4

136 2658 340 2700 Terentio
380 2654 591 2698 ‘dextera'
627 2656 763 2698 fuisse
809 2657 995 2699 formam
1043 2659 1344 2713 antiquiorem,
1393 2673 1521 2713 quam
1553 2659 1595 2698 in
1626 2658 1711 2699 fine
1727 2638 1916 2719 &Af-by·
1947 2648 1988 2712 4¹1·

139 2738 307 2772 tantum
337 2746 488 2772 versus
522 2730 696 2772 iambici
729 2730 809 2772 sibi
833 2732 1011 2773 indulsit
1035 2729 1192 2773 ‘novus
1216 2730 1372 2786 poeta'.
1407 2732 1570 2786 Legem
1592 2732 1712 2773 illam
1942 2715 1948 2750 l

139 2806 445 2846 Terentianam
478 2805 605 2846 video
639 2806 724 2845 iam
758 2804 1018 2846 observasse
1052 2805 1423 2859 O.Brug1nanum
1454 2807 1495 2847 in
1529 2821 1713 2848 censura

138 2879 376 2920 editionum
398 2878 590 2922 Andriae
612 2895 638 2921 a
661 2879 899 2920 Meissnero
937 2887 977 2920 et
1001 2879 1231 2935 Spengelio
1266 2887 1515 2922 curatarum
1538 2880 1711 2930 (Annal.
