2100 3364
351 392 518 445 Quodsi
567 391 671 432 olim
702 390 922 432 Dziatzko
971 391 1027 432 ad
1065 390 1237 432 Phorm.
1272 373 1367 454 (fffl8
1413 392 1457 433 in
1502 391 1602 433 adn.
1651 392 1925 436 scribendum

351 465 597 521 proposuit:
626 461 725 505 ‘eho
760 463 854 506 dice
886 463 991 505 mihi
1023 464 1127 520 quid
1156 466 1218 506 rei
1249 464 1370 506 tibist
1401 480 1499 507 cum
1521 466 1684 507 familia
1705 467 1786 508 hac
1811 469 1924 511 unde

351 536 453 580 oxis'
479 535 670 579 ne‘mihi’
695 538 921 593 legeretur,
941 553 1055 580 nunc
1068 539 1210 594 ipsum
1222 539 1348 581 aliter
1359 545 1547 582 statuere
1558 540 1769 595 puto.Est
1779 549 1921 585 autem

342 612 439 654 “eho
474 612 543 654 die
575 609 688 653 mihi’
723 612 894 667 phrasis
927 628 952 653 a
983 614 1161 654 comicis
1193 613 1321 655 valde
1353 613 1571 665 adamata,
1606 629 1717 669 quae
1750 617 1922 670 saepius

346 687 559 742 reperitur
589 686 633 727 in
664 686 867 728 Terentio
905 686 1055 738 (Andr.
1089 685 1183 739 667,
1217 686 1313 740 931,
1356 687 1467 728 Eun.
1506 686 1602 741 360,
1642 687 1778 730 Andr.
1811 689 1923 740 3:24).

346 761 406 801 At
436 760 616 802 Plautus
642 756 770 813 “dice‚
803 760 970 813 addice,
1004 760 1158 814 indice,
1182 758 1401 803 benedice'
1426 760 1558 803 habet
1588 762 1644 803 cf.
1667 763 1775 804 Brix
1800 762 1924 819 Capt.

347 834 443 888 356,
476 834 648 876 Lorenz
681 834 812 876 Most.
845 832 941 888 830,
973 834 1094 876 Neue
1125 835 1152 876 l.
1185 849 1222 877 c.

483 925 522 965 9.
554 926 761 967 Infinitivi
793 926 837 967 in
882 926 962 968 -ier
1007 927 1124 981 apud
1157 927 1404 969 Terentium
1436 928 1479 970 hi
1513 934 1689 969 exstant
1726 930 1779 971 in
1811 929 1923 971 fine

345 1015 561 1042 versus:

345 1075 481 1117 Andr.
505 1073 588 1115 203
621 1074 825 1128 deludier,
859 1073 944 1115 275
965 1075 1246 1124 immutarier,
1279 1075 1362 1115 332
1384 1077 1584 1130 apiscier,
1611 1075 1694 1117 573
1716 1076 1924 1120 claudier.

346 1150 455 1191 Eun.
492 1148 573 1189 164
604 1149 808 1202 claudier,
843 1148 926 1190 225
957 1149 1235 1201 immutarier,
1276 1147 1358 1189 509
1391 1149 1708 1203 labefactarier,
1741 1148 1825 1191 510
1855 1165 1925 1193 ac-

551 1224 722 1276 cersier,
756 1222 840 1264 572
873 1223 1033 1277 ducier,
1067 1222 1149 1263 699
1182 1223 1329 1276 dicier,
1363 1221 1446 1264 890
1479 1225 1728 1279 opperirier.

346 1315 475 1356 Haut.
508 1313 592 1355 206
623 1316 907 1367 convivarier,
940 1314 1023 1356 268
1056 1316 1329 1370 suspicarier,
1363 1313 1446 1355 300
1477 1315 1808 1368 demunerarier‚
1841 1315 1924 1357 413

550 1389 853 1443 excruciarier,
888 1389 970 1429 716
1002 1389 1315 1443 adsimularier,
1349 1388 1432 1430 923
1464 1390 1728 1432 auxiliarier.

344 1464 515 1506 Phorm.
546 1463 600 1503 92
632 1464 840 1517 mirarier,
874 1461 957 1504 206
989 1464 1268 1518 immutarier,
1301 1462 1384 1505 305
1415 1465 1809 1519 commonstrarier,
1841 1463 1924 1507 306

550 1537 899 1592 demonstrarier,
947 1537 1031 1579 406
1063 1539 1262 1593 apiseier,
1315 1537 1399 1579 535
1445 1541 1678 1594 exorarier,
1726 1539 1809 1581 589
1851 1555 1924 1582 ex-

549 1613 737 1667 peririer,
772 1610 855 1653 603
884 1613 1008 1666 utier,
1042 1611 1125 1653 632
1157 1612 1378 1667 mollirier,
1413 1611 1496 1654 640
1534 1615 1808 1669 pervenirier,
1842 1613 1924 1655 697

550 1686 842 1741 depravarier,
877 1686 956 1728 931
992 1688 1244 1742 ignorarier,
1284 1686 1367 1728 978
1400 1689 1677 1743 asportarier,
1714 1687 1819 1728 1021
1855 1688 1924 1730 de-

546 1761 728 1815 fungier.

344 1853 451 1894 Hec.
488 1850 569 1893 104
600 1853 906 1907 percontarier,
941 1851 1024 1893 316
1056 1851 1304 1905 fabular-ier,
1341 1852 1420 1893 759
1452 1854 1652 1895 viderier.

342 1926 426 1968 Ad.
460 1924 543 1966 200
566 1927 741 1980 tradier,
766 1926 849 1967 ..723
869 1928 1133 1979 auxiliarier,
1159 1926 1240 1968 607
1263 1927 1402 1969 ludier
1425 1928 1607 1981 (BentLq
1632 1928 1671 1969 A
1694 1928 1923 1980 claudier).

482 2018 543 2058 In
573 2017 688 2058 fine
720 2018 929 2073 prioris
961 2034 1157 2060 versus
1189 2019 1364 2073 partis
1398 2019 1504 2061 Hec.
1539 2019 1641 2060 827τ

421 2089 585 2133 ‘nescio
620 2092 724 2147 quid
756 2093 1028 2147 suspicarier,
1051 2094 1069 2144 ΙΙ
1090 2093 1229 2147 magis
1262 2093 1385 2147 coepi
1416 2094 1580 2135 instare
1611 2099 1658 2134 ut
1690 2091 1828 2135 dieat?

341 2165 495 2206 Restat
526 2180 635 2206 unus
667 2165 789 2206 loeus
830 2166 901 2222 qui
932 2173 1149 2221 repugnat
1179 2166 1262 2207 Ad.
1302 2165 1679 2208 535:‘laudzi1·ier
1717 2174 1757 2208 te
1800 2167 1922 2209 audit

341 2238 559 2280 lubenter:
601 2239 713 2280 fficio
747 2246 789 2281 te
834 2239 952 2295 apud
998 2240 1117 2281 illum
1164 2238 1317 2294 deum',
1362 2241 1435 2283 ubi
1469 2242 1560 2282 sine
1592 2240 1721 2282 dubio
1754 2241 1826 2282 ille
1857 2243 1919 2283 in-

341 2313 536 2354 finitivus
572 2313 724 2354 eodem
754 2314 884 2356 modo
917 2314 1104 2356 librariis
1136 2315 1250 2357 male
1273 2315 1413 2357 doctis
1446 2314 1638 2368 debetur,
1673 2330 1754 2370 quo
1788 2315 1924 2358 Andr.

341 2386 424 2426 500
454 2385 784 2429 ‘adsimularier'
820 2394 862 2430 et
894 2388 950 2429 ib.
984 2388 1066 2429 689
1093 2380 1403 2431 “sollicitarier'
1438 2391 1586 2445 pingui
1624 2390 1695 2431 isti
1727 2389 1922 2431 Minerva

341 2469 642 2503 exaraverunt.
665 2461 910 2504 Verborum
932 2463 1062 2516 igitur
1083 2464 1436 2518 transpositione,
1472 2479 1558 2520 qua
1578 2464 1816 2506 identidem
1837 2463 1919 2505 loci

341 2537 593 2578 Terentiani
625 2538 815 2591 corrupti
850 2538 994 2577 sanari
1026 2544 1221 2591 possunt,
1262 2537 1458 2579 adhibita
1498 2553 1586 2580 non
1625 2537 1921 2580 dubitabimus

341 2626 438 2652 cum
490 2610 726 2652 Conradtio
783 2610 1032 2662 (Metrische
1080 2611 1381 2667 Composition
1428 2612 1504 2654 der
1551 2612 1791 2654 Comodien
1845 2612 1920 2653 des

342 2685 508 2726 Terenz
551 2699 592 2739 p.
629 2684 724 2735 112)
767 2691 808 2726 et
848 2685 1125 2727 Dziatzkone
1168 2686 1376 2728 scribere:
1412 2685 1600 2728 ‘lauda-ri
1639 2692 1680 2728 te
1723 2685 1922 2727 lubenter

342 2759 482 2800 audit:
515 2760 629 2800 facio
663 2766 704 2800 te
737 2759 856 2814 apud
887 2759 1007 2801 illum
1041 2757 1197 2802 deum’.

475 2849 618 2905 Atque
651 2851 763 2892 hanc
796 2853 1005 2894 sermonis
1028 2853 1274 2894 Terentiani
1307 2852 1615 2907 proprietatem
1648 2850 1801 2892 eodem
1830 2850 1919 2892 fere

341 2930 533 2978 tempore
581 2924 985 2967 demonstraverunt
1019 2925 1277 2981 Spengelius
1323 2925 1380 2966 ad
1420 2924 1556 2966 Andr.
1595 2923 1679 2965 203
1719 2930 1762 2965 et
1808 2923 1919 2966 Con-
