2100 3364
160 523 221 566 ΙΙΙ.
258 522 316 566 De
350 518 638 565 declinatione
679 527 762 571 qua
795 515 960 570 stirpes
1002 515 1040 557 in
1074 525 1118 557 -o
1152 513 1404 557 desinentes
1437 510 1729 555 continentur.

297 642 333 682 1.
382 639 641 680 Vocativum
688 634 847 692 'puere'
883 635 1052 677 duobus
1100 634 1208 675 locis
1257 634 1335 674 viri
1369 634 1485 674 docti
1531 631 1631 672 inde
1676 632 1730 672 ab

159 717 342 757 Erasmo
373 712 660 756 restituebant
690 712 801 752 Eun.
836 709 939 750 624:

271 787 437 830 ‘Voluit
467 787 611 828 facere
644 787 797 826 contra
828 784 927 824 huic
960 798 1108 838 aegre:
1144 782 1263 834 heus,
1295 783 1446 837 inquit7
1480 796 1626 837 puere7

813 858 1083 914 Pamphilam

285 915 487 989 ssccerse,
520 942 568 978 ut
599 935 780 977 delectet
811 934 880 975 hic
912 949 1004 975 nos.
1037 933 1112 974 illa
1153 930 1401 986 [exclamat]
1439 931 1613 971 minime

835 1005 1051 1062 gentium?

159 1085 259 1126 Vox
290 1086 413 1126 uncis
444 1084 612 1126 inclusa
641 1084 765 1125 metri
797 1097 931 1124 causa
964 1089 1078 1123 stare
1110 1081 1271 1136 nequit.
1318 1078 1377 1120 At
1406 1077 1734 1120 Fleckeisenius

158 1157 211 1199 G.
238 1159 536 1200 Hermannum
569 1165 741 1199 secutus
774 1172 868 1199 cam
909 1163 956 1197 ut
988 1162 1141 1208 servet,
1176 1155 1289 1196 delet
1312 1149 1476 1195 ‘voluit'
1513 1158 1554 1194 et
1585 1153 1736 1193 inserit

170 1231 351 1274 arcesse'
375 1239 475 1288 post
499 1230 649 1288 ¹'puer⁷‚
684 1231 904 1273 Bentleius
928 1232 1102 1286 scripsit
1126 1228 1252 1285 “puer
1281 1226 1321 1280 i',
1355 1242 1485 1283 quam
1505 1226 1735 1268 lectionem

158 1307 274 1349 haud
296 1314 397 1362 apto
421 1305 620 1362 exemplo
645 1306 950 1361 comprobavit
970 1305 1082 1346 Eun.
1106 1303 1209 1345 892:
1227 1302 1459 1345 ‘nutricem
1480 1302 1735 1343 arcessitum

159 1380 241 1435 iit’3
276 1381 352 1423 sed
382 1387 527 1423 exstat
557 1381 686 1436 plane
711 1379 861 1422 similis
893 1379 1015 1420 locus
1036 1379 1177 1420 Plaut.
1210 1378 1366 1419 Pseud.
1399 1376 1502 1418 330:
1529 1373 1735 1431 ‘propera

159 1456 261 1512 quid
285 1456 404 1496 stas‘?
426 1457 451 1509 i,
476 1469 702 1496 accerse
725 1451 888 1508 agnos'‚
912 1453 984 1495 ubi
1003 1450 1043 1493 ‘i'
1068 1452 1268 1494 voculam
1295 1452 1437 1493 omisit
1459 1450 1733 1493 Ritschelius.

158 1531 321 1585 recepit
351 1531 589 1572 Lorenzius
621 1545 643 1570 e
676 1528 827 1571 codice
858 1527 912 1581 Α,
953 1530 996 1569 in
1030 1543 1113 1583 quo
1146 1542 1243 1569 eam
1275 1533 1449 1568 exstare
1482 1525 1736 1567 Studemun-

160 1605 253 1646 dius
299 1605 428 1656 (stud.
470 1606 512 1645 in
554 1605 681 1659 prisc.
725 1605 870 1658 script.
913 1602 985 1643 lat.
1020 1602 1040 1642 I
1081 1601 1160 1641 2ῖ1
1204 1603 1307 1652 not.)
1343 1601 1505 1642 docuit.
1565 1598 1736 1640 Deinde

159 1680 266 1721 Hec.
302 1678 404 1720 719:
445 1677 623 1720 ‘faciam
656 1680 702 1719 ut
746 1693 909 1719 mones.
949 1677 1028 1718 eho
1062 1679 1193 1730 puere
1227 1690 1349 1717 curre
1382 1675 1438 1716 ad
1471 1674 1734 1716 Bacchidem

159 1751 279 1794 hane'
315 1753 431 1794 facili
462 1753 801 1808 transpositione
827 1749 969 1792 ‘curre
1003 1747 1114 1806 puer*
1151 1765 1248 1791 cum
1279 1749 1475 1791 Bentleio
1509 1755 1550 1790 et
1581 1748 1732 1789 codice

158 1829 195 1868 F
226 1827 323 1869 loco
354 1827 569 1868 laboranti
619 1827 807 1868 succurri
840 1832 996 1881 potest.
1059 1825 1124 1866 Ac
1160 1824 1362 1866 Plautum
1396 1822 1595 1865 omnibus
1627 1822 1736 1863 locis

153 1900 312 1957 ‘puere'
349 1902 490 1943 dicere
524 1901 794 1942 demonstrat
816 1900 1055 1941 Lorenzius
1087 1899 1143 1940 ad
1175 1897 1329 1940 Pseud.
1364 1897 1444 1938 1⁴35
1466 1897 1736 1948 Muellerum,

160 1976 365 2017 additam.
390 1975 447 2017 ad
466 1990 579 2030 pros.
603 1975 742 2015 Plaut.
761 1989 802 2030 p.
818 1972 896 2013 1:35*
920 1975 1011 2014 sine
1033 1973 1163 2014 dubio
1191 1979 1362 2014 secutus
1379 1971 1442 2024 ι3),
1466 1973 1736 2028 formamque

160 2051 287 2104 longe
319 2050 511 2105 plurimis
543 2050 652 2091 locis
686 2050 814 2090 etiam
848 2049 1022 2090 codices
1055 2055 1350 2089 servaverunt.
1414 2047 1575 2089 Contra
1607 2062 1736 2089 voca-

160 2125 271 2165 tivus
297 2121 429 2179 “pueff
465 2124 660 2164 firmatus
706 2130 771 2165 est
803 2123 919 2177 apud
950 2123 1213 2174 Terentium,
1256 2137 1353 2164 cum
1386 2123 1429 2162 in
1460 2122 1544 2163 fine
1584 2137 1737 2162 versus

161 2199 329 2251 legatur
360 2197 495 2239 Andr.
531 2197 607 2238 84:

375 2269 602 2313 rvenientis
635 2278 710 2313 aut
741 2271 960 2313 abeuntis:
992 2271 1232 2326 rogitabam
1265 2271 1371 2312 heus
1405 2268 1519 2326 puer'

162 2352 204 2388 et
234 2345 317 2387 Ad.
350 2344 456 2386 940:

157 2418 266 2461 ⁹fac:
300 2420 478 2475 proinisi
519 2434 598 2474 ego
631 2419 728 2461 illis.
762 2421 962 2461 Promisti
1006 2419 1180 2461 autem‘?
1221 2420 1273 2461 de
1305 2425 1345 2460 te
1376 2418 1570 2472 largitor,
1604 2415 1734 2473 puer.⁷

162 2495 392 2536 Praeterea
424 2500 523 2535 ante
553 2494 581 2534 h
613 2501 758 2536 exstat
790 2494 960 2536 Phorm.
998 2494 1100 2535 1:32:

243 2567 368 2624 ‘puer
399 2568 506 2610 heus
541 2601 548 2608 .
582 2584 738 2611 nemon
769 2568 852 2611 hoc
886 2569 1060 2624 prodit‘.>
1103 2583 1222 2623 cape,
1258 2567 1313 2608 da
1344 2567 1426 2608 hoc
1458 2564 1645 2607 Dorcio?

163 2643 256 2684 Iam
303 2644 337 2683 si
368 2650 617 2698 reputamus
663 2642 768 2684 nihil
817 2643 869 2685 de
911 2646 1053 2698 prisco
1087 2643 1160 2684 illo
1193 2642 1396 2683 vocativo
1430 2641 1546 2696 apud
1579 2640 1735 2681 Teren-

163 2717 269 2758 tium
319 2717 489 2759 tradere
548 2719 855 2773 grammaticos
905 2733 1043 2773 neque
1094 2717 1369 2759 librariorum
1421 2716 1592 2756 inscitia
1645 2716 1736 2754 eius

307 2856 347 2897 ¹³)
372 2855 589 2887 Ritsehelius
622 2854 752 2886 Pseud.
787 2854 850 2885 252
885 2855 990 2886 etiam
1025 2857 1147 2885 contra
1184 2853 1325 2885 codices
1359 2852 1501 2894 scripsit
1534 2861 1612 2882 cum
1649 2850 1736 2880 Her-

166 2922 295 2944 manno
319 2909 429 2944 ‘vorte
454 2910 522 2944 hac
546 2916 579 2944 te
598 2910 696 2953 puer.
723 2912 800 2943 Non
815 2909 898 2942 licet
912 2909 1079 2952 conloqui
1104 2910 1147 2942 te'
1168 2914 1201 2942 et
1220 2910 1387 2941 Goetzius
1405 2910 1513 2941 Merc.
1540 2908 1603 2939 921
1629 2907 1737 2937 libros

167 2972 310 3000 secutus
334 2964 441 3010 ‘puer'
471 2970 639 3008 exaravit,
668 2978 880 3010 quamquam
908 2968 929 2999 h
957 2968 1074 3001 littera
1100 2967 1308 3008 insequitur.

238 3047 282 3072 En
293 3046 499 3079 gelbrecbt,
520 3047 618 3073 Studia
637 3047 819 3073 Terentiana.
1533 3036 1552 3065 '2
