<?xml version="1.0" encoding="UTF-8"?>
<!DOCTYPE html PUBLIC "-//W3C//DTD XHTML 1.0 Transitional//EN"
    "http://www.w3.org/TR/xhtml1/DTD/xhtml1-transitional.dtd">
<html xmlns="http://www.w3.org/1999/xhtml" xml:lang="en" lang="en">
 <head>
  <title>
</title>
<meta http-equiv="Content-Type" content="text/html;charset=utf-8" />
  <meta name='ocr-system' content='tesseract 3.04.00' />
  <meta name='ocr-capabilities' content='ocr_page ocr_carea ocr_par ocr_line ocrx_word'/>
</head>
<body>
  <div class='ocr_page' id='page_1' title='image "./studiaterentiana00engeuoft_0033.png"; bbox 0 0 2100 3364; ppageno 0'>
   <div class='ocr_carea' id='block_1_1' title="bbox 801 236 1086 275">
    <p class='ocr_par' dir='ltr' id='par_1_1' title="bbox 801 236 1086 275">
     <span class='ocr_line' id='line_1_1' title="bbox 801 236 1086 275; baseline -0.007 -9"><span class='ocrx_word' id='word_1_1' title='bbox 801 236 1086 275; x_wconf 75' lang='lat'>-23—</span> 
     </span>
    </p>
   </div>
   <div class='ocr_carea' id='block_1_2' title="bbox 157 359 1735 847">
    <p class='ocr_par' dir='ltr' id='par_1_2' title="bbox 158 359 1735 699">
     <span class='ocr_line' id='line_1_2' title="bbox 159 359 1731 418; baseline -0.003 -15"><span class='ocrx_word' id='word_1_2' title='bbox 159 362 315 404; x_wconf 87' lang='lat' dir='ltr'>cheleri</span> <span class='ocrx_word' id='word_1_3' title='bbox 350 363 416 404; x_wconf 90' lang='lat' dir='ltr'>ed.</span> <span class='ocrx_word' id='word_1_4' title='bbox 449 378 489 418; x_wconf 90' lang='lat' dir='ltr'>p.</span> <span class='ocrx_word' id='word_1_5' title='bbox 513 361 568 401; x_wconf 76' lang='lat'>94</span> <span class='ocrx_word' id='word_1_6' title='bbox 600 376 676 416; x_wconf 88' lang='lat' dir='ltr'>sq.,</span> <span class='ocrx_word' id='word_1_7' title='bbox 710 361 786 402; x_wconf 87' lang='lat' dir='ltr'>sed</span> <span class='ocrx_word' id='word_1_8' title='bbox 828 361 926 402; x_wconf 72' lang='lat' dir='ltr'>vide</span> <span class='ocrx_word' id='word_1_9' title='bbox 959 361 1155 401; x_wconf 77' lang='lat' dir='ltr'>Brixium</span> <span class='ocrx_word' id='word_1_10' title='bbox 1195 359 1251 401; x_wconf 88' lang='lat' dir='ltr'>ad</span> <span class='ocrx_word' id='word_1_11' title='bbox 1273 359 1391 400; x_wconf 88' lang='lat' dir='ltr'>Trin.</span> <span class='ocrx_word' id='word_1_12' title='bbox 1425 359 1504 399; x_wconf 72' lang='lat'>651</span> <span class='ocrx_word' id='word_1_13' title='bbox 1539 360 1580 399; x_wconf 89' lang='lat' dir='ltr'>in</span> <span class='ocrx_word' id='word_1_14' title='bbox 1613 359 1731 413; x_wconf 84' lang='lat' dir='ltr'>app.)</span> 
     </span>
     <span class='ocr_line' id='line_1_3' title="bbox 160 433 1735 489; baseline -0.004 -11"><span class='ocrx_word' id='word_1_15' title='bbox 160 443 201 478; x_wconf 89' lang='lat' dir='ltr'>et</span> <span class='ocrx_word' id='word_1_16' title='bbox 231 436 322 478; x_wconf 91' lang='lat' dir='ltr'>Mil.</span> <span class='ocrx_word' id='word_1_17' title='bbox 356 435 437 477; x_wconf 81' lang='lat'>397</span> <span class='ocrx_word' id='word_1_18' title='bbox 472 434 607 477; x_wconf 73' lang='lat' dir='ltr'>‘totus</span> <span class='ocrx_word' id='word_1_19' title='bbox 641 433 805 476; x_wconf 86' lang='lat' dir='ltr'>dorsus⁷</span> <span class='ocrx_word' id='word_1_20' title='bbox 848 434 1016 489; x_wconf 81' lang='lat' dir='ltr'>legitur,</span> <span class='ocrx_word' id='word_1_21' title='bbox 1057 448 1187 489; x_wconf 85' lang='lat' dir='ltr'>quam</span> <span class='ocrx_word' id='word_1_22' title='bbox 1219 433 1404 475; x_wconf 87' lang='lat' dir='ltr'>formam</span> <span class='ocrx_word' id='word_1_23' title='bbox 1449 433 1506 474; x_wconf 87' lang='lat' dir='ltr'>ad</span> <span class='ocrx_word' id='word_1_24' title='bbox 1538 439 1735 488; x_wconf 84' lang='lat' dir='ltr'><strong>quartam</strong></span> 
     </span>
     <span class='ocr_line' id='line_1_4' title="bbox 163 506 1734 564; baseline -0.004 -12"><span class='ocrx_word' id='word_1_25' title='bbox 163 510 495 552; x_wconf 84' lang='lat' dir='ltr'>declinationem</span> <span class='ocrx_word' id='word_1_26' title='bbox 556 510 770 564; x_wconf 86' lang='lat' dir='ltr'>pertinere</span> <span class='ocrx_word' id='word_1_27' title='bbox 830 508 1078 549; x_wconf 81' lang='lat' dir='ltr'>Priscianus</span> <span class='ocrx_word' id='word_1_28' title='bbox 1130 508 1166 559; x_wconf 86' lang='lat' dir='ltr'>(I</span> <span class='ocrx_word' id='word_1_29' title='bbox 1222 507 1323 561; x_wconf 80' lang='grc'>170,</span> <span class='ocrx_word' id='word_1_30' title='bbox 1386 508 1411 549; x_wconf 90' lang='grc'>3</span> <span class='ocrx_word' id='word_1_31' title='bbox 1459 507 1534 559; x_wconf 89' lang='lat' dir='ltr'>H.)</span> <span class='ocrx_word' id='word_1_32' title='bbox 1588 506 1734 557; x_wconf 79' lang='lat' dir='ltr'>tradit,</span> 
     </span>
     <span class='ocr_line' id='line_1_5' title="bbox 160 578 1735 639; baseline -0.002 -15"><span class='ocrx_word' id='word_1_33' title='bbox 160 591 383 639; x_wconf 85' lang='lat' dir='ltr'>praeterea</span> <span class='ocrx_word' id='word_1_34' title='bbox 415 583 468 625; x_wconf 86' lang='lat' dir='ltr'>cf.</span> <span class='ocrx_word' id='word_1_35' title='bbox 497 580 668 636; x_wconf 64' lang='lat' dir='ltr'>⁹collus,</span> <span class='ocrx_word' id='word_1_36' title='bbox 711 588 870 636; x_wconf 81' lang='lat' dir='ltr'>tergus,</span> <span class='ocrx_word' id='word_1_37' title='bbox 907 582 1076 634; x_wconf 63' lang='lat' dir='ltr'>scorius,</span> <span class='ocrx_word' id='word_1_38' title='bbox 1109 578 1290 635; x_wconf 82' lang='lat' dir='ltr'>nasum&#39;,</span> <span class='ocrx_word' id='word_1_39' title='bbox 1339 582 1390 623; x_wconf 87' lang='lat' dir='ltr'>de</span> <span class='ocrx_word' id='word_1_40' title='bbox 1439 581 1593 637; x_wconf 91' lang='lat' dir='ltr'>quibus</span> <span class='ocrx_word' id='word_1_41' title='bbox 1634 580 1735 621; x_wconf 86' lang='lat' dir='ltr'>vide</span> 
     </span>
     <span class='ocr_line' id='line_1_6' title="bbox 158 655 920 699; baseline -0.001 0"><span class='ocrx_word' id='word_1_42' title='bbox 158 659 277 699; x_wconf 85' lang='lat' dir='ltr'>Brix.</span> <span class='ocrx_word' id='word_1_43' title='bbox 309 658 426 699; x_wconf 87' lang='lat' dir='ltr'>Trin.</span> <span class='ocrx_word' id='word_1_44' title='bbox 462 656 572 696; x_wconf 66' lang='lat'>1014</span> <span class='ocrx_word' id='word_1_45' title='bbox 603 663 644 698; x_wconf 89' lang='lat' dir='ltr'>et</span> <span class='ocrx_word' id='word_1_46' title='bbox 676 656 790 698; x_wconf 89' lang='lat' dir='ltr'>Men.</span> <span class='ocrx_word' id='word_1_47' title='bbox 827 655 920 698; x_wconf 82' lang='grc'>172.</span> 
     </span>
    </p>

    <p class='ocr_par' dir='ltr' id='par_1_3' title="bbox 157 727 1735 847">
     <span class='ocr_line' id='line_1_7' title="bbox 294 727 1735 785; baseline -0.002 -14"><span class='ocrx_word' id='word_1_48' title='bbox 294 731 331 773; x_wconf 80' lang='lat'>5.</span> <span class='ocrx_word' id='word_1_49' title='bbox 363 730 595 772; x_wconf 77' lang='lat' dir='ltr'>Ablativus</span> <span class='ocrx_word' id='word_1_50' title='bbox 621 727 745 772; x_wconf 61' lang='lat' dir='ltr'>⁶astu&#39;</span> <span class='ocrx_word' id='word_1_51' title='bbox 780 730 898 771; x_wconf 87' lang='lat' dir='ltr'>haud</span> <span class='ocrx_word' id='word_1_52' title='bbox 929 745 1027 771; x_wconf 87' lang='lat' dir='ltr'>raro</span> <span class='ocrx_word' id='word_1_53' title='bbox 1061 731 1191 772; x_wconf 89' lang='lat' dir='ltr'>etiam</span> <span class='ocrx_word' id='word_1_54' title='bbox 1224 731 1278 772; x_wconf 90' lang='lat' dir='ltr'>ab</span> <span class='ocrx_word' id='word_1_55' title='bbox 1313 731 1486 785; x_wconf 89' lang='lat' dir='ltr'>optimis</span> <span class='ocrx_word' id='word_1_56' title='bbox 1518 728 1735 784; x_wconf 89' lang='lat' dir='ltr'>scriptori-</span> 
     </span>
     <span class='ocr_line' id='line_1_8' title="bbox 157 803 1294 847; baseline 0 -1"><span class='ocrx_word' id='word_1_57' title='bbox 157 806 238 846; x_wconf 87' lang='lat' dir='ltr'>bus</span> <span class='ocrx_word' id='word_1_58' title='bbox 270 805 489 846; x_wconf 83' lang='lat' dir='ltr'>adhibitus</span> <span class='ocrx_word' id='word_1_59' title='bbox 522 811 667 846; x_wconf 75' lang='lat' dir='ltr'>exstat</span> <span class='ocrx_word' id='word_1_60' title='bbox 698 804 833 846; x_wconf 84' lang='lat' dir='ltr'>Andr.</span> <span class='ocrx_word' id='word_1_61' title='bbox 866 803 948 844; x_wconf 63' lang='lat' dir='ltr'>QoS</span> <span class='ocrx_word' id='word_1_62' title='bbox 981 811 1022 845; x_wconf 91' lang='lat' dir='ltr'>et</span> <span class='ocrx_word' id='word_1_63' title='bbox 1054 805 1162 846; x_wconf 87' lang='lat' dir='ltr'>Eun.</span> <span class='ocrx_word' id='word_1_64' title='bbox 1197 805 1294 847; x_wconf 74' lang='lat'>924.</span> 
     </span>
    </p>
   </div>
   <div class='ocr_carea' id='block_1_3' title="bbox 263 974 1634 1092">
    <p class='ocr_par' dir='ltr' id='par_1_4' title="bbox 263 974 1634 1092">
     <span class='ocr_line' id='line_1_9' title="bbox 263 974 1634 1029; baseline 0.001 -12"><span class='ocrx_word' id='word_1_65' title='bbox 263 974 306 1017; x_wconf 83' lang='lat' dir='ltr'>v.</span> <span class='ocrx_word' id='word_1_66' title='bbox 342 974 399 1018; x_wconf 83' lang='lat' dir='ltr'>De</span> <span class='ocrx_word' id='word_1_67' title='bbox 435 974 728 1018; x_wconf 78' lang='lat' dir='ltr'>declinatione</span> <span class='ocrx_word' id='word_1_68' title='bbox 763 985 846 1028; x_wconf 85' lang='lat' dir='ltr'>qua</span> <span class='ocrx_word' id='word_1_69' title='bbox 878 975 1044 1029; x_wconf 77' lang='lat' dir='ltr'>stirpes</span> <span class='ocrx_word' id='word_1_70' title='bbox 1077 975 1115 1019; x_wconf 83' lang='lat' dir='ltr'>in</span> <span class='ocrx_word' id='word_1_71' title='bbox 1149 976 1179 1019; x_wconf 85' lang='lat' dir='ltr'>-i</span> <span class='ocrx_word' id='word_1_72' title='bbox 1213 975 1290 1020; x_wconf 83' lang='lat' dir='ltr'>aut</span> <span class='ocrx_word' id='word_1_73' title='bbox 1323 976 1362 1020; x_wconf 82' lang='lat' dir='ltr'>in</span> <span class='ocrx_word' id='word_1_74' title='bbox 1396 985 1634 1019; x_wconf 87' lang='lat' dir='ltr'>consonam</span> 
     </span>
     <span class='ocr_line' id='line_1_10' title="bbox 672 1048 1218 1092; baseline 0.002 -1"><span class='ocrx_word' id='word_1_75' title='bbox 672 1048 890 1091; x_wconf 78' lang='lat' dir='ltr'>exeuntes</span> <span class='ocrx_word' id='word_1_76' title='bbox 923 1048 1218 1092; x_wconf 82' lang='lat' dir='ltr'>continentur.</span> 
     </span>
    </p>
   </div>
   <div class='ocr_carea' id='block_1_4' title="bbox 154 1162 1739 2926">
    <p class='ocr_par' dir='ltr' id='par_1_5' title="bbox 155 1162 1736 1352">
     <span class='ocr_line' id='line_1_11' title="bbox 297 1162 1735 1218; baseline 0 -16"><span class='ocrx_word' id='word_1_77' title='bbox 297 1163 331 1202; x_wconf 90' lang='lat'>1.</span> <span class='ocrx_word' id='word_1_78' title='bbox 365 1162 553 1203; x_wconf 75' lang='lat' dir='ltr'>Dativus</span> <span class='ocrx_word' id='word_1_79' title='bbox 588 1163 695 1217; x_wconf 83' lang='lat' dir='ltr'>sing.</span> <span class='ocrx_word' id='word_1_80' title='bbox 736 1162 780 1203; x_wconf 89' lang='lat' dir='ltr'>in</span> <span class='ocrx_word' id='word_1_81' title='bbox 811 1178 864 1215; x_wconf 84' lang='lat' dir='ltr'>-e,</span> <span class='ocrx_word' id='word_1_82' title='bbox 899 1163 1019 1204; x_wconf 88' lang='lat' dir='ltr'>cuius</span> <span class='ocrx_word' id='word_1_83' title='bbox 1051 1164 1237 1218; x_wconf 78' lang='lat' dir='ltr'>vestigia</span> <span class='ocrx_word' id='word_1_84' title='bbox 1280 1163 1347 1205; x_wconf 88' lang='lat' dir='ltr'>vel</span> <span class='ocrx_word' id='word_1_85' title='bbox 1388 1163 1505 1218; x_wconf 86' lang='lat' dir='ltr'>apud</span> <span class='ocrx_word' id='word_1_86' title='bbox 1537 1162 1735 1203; x_wconf 86' lang='lat' dir='ltr'>Plautum</span> 
     </span>
     <span class='ocr_line' id='line_1_12' title="bbox 159 1235 1736 1292; baseline 0 -16"><span class='ocrx_word' id='word_1_87' title='bbox 159 1243 225 1277; x_wconf 77' lang='lat' dir='ltr'>sat</span> <span class='ocrx_word' id='word_1_88' title='bbox 258 1236 507 1277; x_wconf 82' lang='lat' dir='ltr'>oblitterata</span> <span class='ocrx_word' id='word_1_89' title='bbox 540 1242 638 1277; x_wconf 89' lang='lat' dir='ltr'>sunt</span> <span class='ocrx_word' id='word_1_90' title='bbox 674 1236 744 1287; x_wconf 82' lang='lat' dir='ltr'>(cf.</span> <span class='ocrx_word' id='word_1_91' title='bbox 778 1236 1030 1278; x_wconf 80' lang='lat' dir='ltr'>Buecheler.</span> <span class='ocrx_word' id='word_1_92' title='bbox 1065 1252 1105 1292; x_wconf 90' lang='lat' dir='ltr'>p.</span> <span class='ocrx_word' id='word_1_93' title='bbox 1142 1237 1256 1291; x_wconf 76' lang='lat'>107),</span> <span class='ocrx_word' id='word_1_94' title='bbox 1298 1239 1341 1279; x_wconf 92' lang='lat' dir='ltr'>in</span> <span class='ocrx_word' id='word_1_95' title='bbox 1376 1237 1575 1278; x_wconf 83' lang='lat' dir='ltr'>omnibus</span> <span class='ocrx_word' id='word_1_96' title='bbox 1616 1235 1736 1277; x_wconf 88' lang='lat' dir='ltr'>libris</span> 
     </span>
     <span class='ocr_line' id='line_1_13' title="bbox 155 1310 881 1352; baseline -0.001 -1"><span class='ocrx_word' id='word_1_97' title='bbox 155 1311 429 1352; x_wconf 73' lang='lat' dir='ltr'>&#39;l&#39;crentianis</span> <span class='ocrx_word' id='word_1_98' title='bbox 463 1317 607 1352; x_wconf 83' lang='lat' dir='ltr'>exstat</span> <span class='ocrx_word' id='word_1_99' title='bbox 639 1310 745 1351; x_wconf 84' lang='lat' dir='ltr'>Hcc.</span> <span class='ocrx_word' id='word_1_100' title='bbox 779 1310 881 1351; x_wconf 70' lang='lat'>870:</span> 
     </span>
    </p>

    <p class='ocr_par' dir='ltr' id='par_1_6' title="bbox 347 1382 1531 1439">
     <span class='ocr_line' id='line_1_14' title="bbox 347 1382 1531 1439; baseline 0.002 -15"><span class='ocrx_word' id='word_1_101' title='bbox 347 1382 589 1438; x_wconf 64' lang='lat' dir='ltr'>‘M}&#39;&#39;rrhina</span> <span class='ocrx_word' id='word_1_102' title='bbox 620 1385 680 1424; x_wconf 88' lang='lat' dir='ltr'>ita</span> <span class='ocrx_word' id='word_1_103' title='bbox 712 1383 926 1439; x_wconf 84' lang='lat' dir='ltr'>Phidippo</span> <span class='ocrx_word' id='word_1_104' title='bbox 961 1385 1071 1426; x_wconf 81' lang='lat' dir='ltr'>dixit</span> <span class='ocrx_word' id='word_1_105' title='bbox 1102 1385 1191 1426; x_wconf 73' lang='lat' dir='ltr'>iure</span> <span class='ocrx_word' id='word_1_106' title='bbox 1222 1385 1403 1426; x_wconf 79' lang='lat' dir='ltr'>iurando</span> <span class='ocrx_word' id='word_1_107' title='bbox 1436 1399 1531 1426; x_wconf 87' lang='lat' dir='ltr'>meo</span> 
     </span>
    </p>

    <p class='ocr_par' dir='ltr' id='par_1_7' title="bbox 154 1456 1737 2627">
     <span class='ocr_line' id='line_1_15' title="bbox 349 1456 1587 1514; baseline -0.001 -15"><span class='ocrx_word' id='word_1_108' title='bbox 349 1457 404 1499; x_wconf 73' lang='lat' dir='ltr'>Se</span> <span class='ocrx_word' id='word_1_109' title='bbox 436 1459 565 1499; x_wconf 84' lang='lat' dir='ltr'>fidem</span> <span class='ocrx_word' id='word_1_110' title='bbox 598 1457 801 1499; x_wconf 86' lang='lat' dir='ltr'>habuisse</span> <span class='ocrx_word' id='word_1_111' title='bbox 825 1460 865 1500; x_wconf 75' lang='lat' dir='ltr'>et</span> <span class='ocrx_word' id='word_1_112' title='bbox 887 1466 1118 1514; x_wconf 88' lang='lat' dir='ltr'>propterea</span> <span class='ocrx_word' id='word_1_113' title='bbox 1150 1461 1191 1500; x_wconf 71' lang='lat' dir='ltr'>te</span> <span class='ocrx_word' id='word_1_114' title='bbox 1226 1458 1306 1500; x_wconf 90' lang='lat' dir='ltr'>sibi</span> <span class='ocrx_word' id='word_1_115' title='bbox 1330 1456 1587 1514; x_wconf 84' lang='lat' dir='ltr'>purgatum&#39;,</span> 
     </span>
     <span class='ocr_line' id='line_1_16' title="bbox 157 1532 1736 1587; baseline 0.001 -17"><span class='ocrx_word' id='word_1_116' title='bbox 157 1534 226 1586; x_wconf 77' lang='lat' dir='ltr'>qui</span> <span class='ocrx_word' id='word_1_117' title='bbox 261 1532 434 1573; x_wconf 80' lang='lat' dir='ltr'>dativus</span> <span class='ocrx_word' id='word_1_118' title='bbox 457 1548 513 1574; x_wconf 86' lang='lat' dir='ltr'>ex</span> <span class='ocrx_word' id='word_1_119' title='bbox 545 1532 686 1587; x_wconf 86' lang='lat' dir='ltr'>legum</span> <span class='ocrx_word' id='word_1_120' title='bbox 719 1532 866 1586; x_wconf 79' lang='lat' dir='ltr'>lingua</span> <span class='ocrx_word' id='word_1_121' title='bbox 899 1534 989 1574; x_wconf 91' lang='lat' dir='ltr'>sine</span> <span class='ocrx_word' id='word_1_122' title='bbox 1013 1532 1143 1573; x_wconf 89' lang='lat' dir='ltr'>dubio</span> <span class='ocrx_word' id='word_1_123' title='bbox 1179 1534 1284 1574; x_wconf 88' lang='lat' dir='ltr'>satis</span> <span class='ocrx_word' id='word_1_124' title='bbox 1316 1533 1441 1573; x_wconf 88' lang='lat' dir='ltr'>tritus</span> <span class='ocrx_word' id='word_1_125' title='bbox 1474 1547 1561 1573; x_wconf 89' lang='lat' dir='ltr'>non</span> <span class='ocrx_word' id='word_1_126' title='bbox 1598 1533 1736 1586; x_wconf 79' lang='lat' dir='ltr'>inagis</span> 
     </span>
     <span class='ocr_line' id='line_1_17' title="bbox 157 1603 1737 1662; baseline -0.001 -16"><span class='ocrx_word' id='word_1_127' title='bbox 157 1608 288 1647; x_wconf 83' lang='lat' dir='ltr'>mirus</span> <span class='ocrx_word' id='word_1_128' title='bbox 322 1607 460 1647; x_wconf 80' lang='lat' dir='ltr'>videri</span> <span class='ocrx_word' id='word_1_129' title='bbox 494 1606 635 1660; x_wconf 83' lang='lat' dir='ltr'>(lebet,</span> <span class='ocrx_word' id='word_1_130' title='bbox 671 1622 798 1662; x_wconf 86' lang='lat' dir='ltr'>quam</span> <span class='ocrx_word' id='word_1_131' title='bbox 832 1608 865 1647; x_wconf 84' lang='lat' dir='ltr'>si</span> <span class='ocrx_word' id='word_1_132' title='bbox 898 1607 1015 1648; x_wconf 88' lang='lat' dir='ltr'>haud</span> <span class='ocrx_word' id='word_1_133' title='bbox 1046 1622 1144 1649; x_wconf 88' lang='lat' dir='ltr'>raro</span> <span class='ocrx_word' id='word_1_134' title='bbox 1176 1607 1359 1661; x_wconf 87' lang='lat' dir='ltr'>legimus</span> <span class='ocrx_word' id='word_1_135' title='bbox 1391 1609 1434 1648; x_wconf 91' lang='lat' dir='ltr'>in</span> <span class='ocrx_word' id='word_1_136' title='bbox 1466 1607 1601 1648; x_wconf 86' lang='lat' dir='ltr'>titulis</span> <span class='ocrx_word' id='word_1_137' title='bbox 1628 1603 1737 1646; x_wconf 64' lang='lat' dir='ltr'>“im-0,</span> 
     </span>
     <span class='ocr_line' id='line_1_18' title="bbox 156 1678 1737 1736; baseline -0.001 -15"><span class='ocrx_word' id='word_1_138' title='bbox 156 1681 344 1721; x_wconf 88' lang='lat' dir='ltr'>dicundo</span> <span class='ocrx_word' id='word_1_139' title='bbox 379 1678 591 1736; x_wconf 51' lang='lat' dir='ltr'>praeesse*</span> <span class='ocrx_word' id='word_1_140' title='bbox 648 1680 719 1733; x_wconf 89' lang='lat' dir='ltr'>(cf.</span> <span class='ocrx_word' id='word_1_141' title='bbox 766 1681 863 1721; x_wconf 85' lang='lat' dir='ltr'>Liv.</span> <span class='ocrx_word' id='word_1_142' title='bbox 897 1681 1055 1722; x_wconf 81' lang='lat' dir='ltr'>XXXI</span> <span class='ocrx_word' id='word_1_143' title='bbox 1109 1681 1188 1734; x_wconf 91' lang='grc'>13,</span> <span class='ocrx_word' id='word_1_144' title='bbox 1241 1679 1287 1721; x_wconf 78' lang='lat'>5:</span> <span class='ocrx_word' id='word_1_145' title='bbox 1338 1678 1455 1722; x_wconf 37' lang='lat' dir='ltr'>rcum</span> <span class='ocrx_word' id='word_1_146' title='bbox 1500 1687 1542 1722; x_wconf 87' lang='lat' dir='ltr'>et</span> <span class='ocrx_word' id='word_1_147' title='bbox 1579 1680 1737 1734; x_wconf 75' lang='lat' dir='ltr'>privati</span> 
     </span>
     <span class='ocr_line' id='line_1_19' title="bbox 155 1753 1737 1810; baseline -0.001 -15"><span class='ocrx_word' id='word_1_148' title='bbox 155 1769 339 1809; x_wconf 86' lang='lat' dir='ltr'>aequum</span> <span class='ocrx_word' id='word_1_149' title='bbox 363 1754 648 1810; x_wconf 75' lang='lat' dir='ltr'>postularent,</span> <span class='ocrx_word' id='word_1_150' title='bbox 671 1770 750 1796; x_wconf 89' lang='lat' dir='ltr'>nec</span> <span class='ocrx_word' id='word_1_151' title='bbox 773 1762 918 1796; x_wconf 90' lang='lat' dir='ltr'>tamen</span> <span class='ocrx_word' id='word_1_152' title='bbox 943 1754 1151 1796; x_wconf 83' lang='lat' dir='ltr'>solvendo</span> <span class='ocrx_word' id='word_1_153' title='bbox 1175 1770 1274 1796; x_wconf 90' lang='lat' dir='ltr'>aere</span> <span class='ocrx_word' id='word_1_154' title='bbox 1296 1754 1437 1796; x_wconf 87' lang='lat' dir='ltr'>alieno</span> <span class='ocrx_word' id='word_1_155' title='bbox 1471 1769 1539 1795; x_wconf 88' lang='lat' dir='ltr'>res</span> <span class='ocrx_word' id='word_1_156' title='bbox 1562 1753 1737 1810; x_wconf 86' lang='lat' dir='ltr'>publica</span> 
     </span>
     <span class='ocr_line' id='line_1_20' title="bbox 156 1826 1735 1882; baseline -0.001 -13"><span class='ocrx_word' id='word_1_157' title='bbox 156 1826 295 1881; x_wconf 79' lang='lat' dir='ltr'>esset&#39;,</span> <span class='ocrx_word' id='word_1_158' title='bbox 339 1827 428 1870; x_wconf 85' lang='lat' dir='ltr'>Cic.</span> <span class='ocrx_word' id='word_1_159' title='bbox 461 1828 518 1869; x_wconf 89' lang='lat' dir='ltr'>ad</span> <span class='ocrx_word' id='word_1_160' title='bbox 550 1828 650 1869; x_wconf 86' lang='lat' dir='ltr'>fam.</span> <span class='ocrx_word' id='word_1_161' title='bbox 684 1829 770 1870; x_wconf 93' lang='lat' dir='ltr'>VII</span> <span class='ocrx_word' id='word_1_162' title='bbox 805 1829 869 1882; x_wconf 91' lang='grc'>13,</span> <span class='ocrx_word' id='word_1_163' title='bbox 903 1828 951 1869; x_wconf 74' lang='grc' dir='ltr'>2ε</span> <span class='ocrx_word' id='word_1_164' title='bbox 980 1827 1204 1871; x_wconf 64' lang='lat' dir='ltr'>rtresviros</span> <span class='ocrx_word' id='word_1_165' title='bbox 1236 1830 1347 1870; x_wconf 86' lang='lat' dir='ltr'>vites</span> <span class='ocrx_word' id='word_1_166' title='bbox 1379 1843 1557 1881; x_wconf 87' lang='lat' dir='ltr'>censeo,</span> <span class='ocrx_word' id='word_1_167' title='bbox 1606 1828 1735 1869; x_wconf 86' lang='lat' dir='ltr'>audio</span> 
     </span>
     <span class='ocr_line' id='line_1_21' title="bbox 154 1899 1736 1958; baseline -0.002 -14"><span class='ocrx_word' id='word_1_168' title='bbox 154 1903 364 1958; x_wconf 78' lang='lat' dir='ltr'>capitales</span> <span class='ocrx_word' id='word_1_169' title='bbox 411 1918 518 1955; x_wconf 86' lang='lat' dir='ltr'>esse,</span> <span class='ocrx_word' id='word_1_170' title='bbox 572 1903 744 1945; x_wconf 87' lang='lat' dir='ltr'>mallem</span> <span class='ocrx_word' id='word_1_171' title='bbox 784 1899 894 1945; x_wconf 81' lang='lat' dir='ltr'>&#39;auro</span> <span class='ocrx_word' id='word_1_172' title='bbox 943 1919 1041 1945; x_wconf 88' lang='lat' dir='ltr'>aere</span> <span class='ocrx_word' id='word_1_173' title='bbox 1089 1911 1267 1958; x_wconf 84' lang='lat' dir='ltr'>argento</span> <span class='ocrx_word' id='word_1_174' title='bbox 1317 1900 1470 1945; x_wconf 76' lang='lat' dir='ltr'>essent&#39;</span> <span class='ocrx_word' id='word_1_175' title='bbox 1517 1909 1560 1944; x_wconf 90' lang='lat' dir='ltr'>et</span> <span class='ocrx_word' id='word_1_176' title='bbox 1607 1903 1736 1952; x_wconf 58' lang='lat' dir='ltr'>sinn).</span> 
     </span>
     <span class='ocr_line' id='line_1_22' title="bbox 158 1977 1737 2032; baseline -0.001 -14"><span class='ocrx_word' id='word_1_177' title='bbox 158 1978 329 2018; x_wconf 84' lang='lat' dir='ltr'>Etenim</span> <span class='ocrx_word' id='word_1_178' title='bbox 361 1977 496 2018; x_wconf 80' lang='lat' dir='ltr'>verba</span> <span class='ocrx_word' id='word_1_179' title='bbox 527 1978 571 2018; x_wconf 91' lang='lat' dir='ltr'>in</span> <span class='ocrx_word' id='word_1_180' title='bbox 602 1977 771 2030; x_wconf 83' lang='lat' dir='ltr'>legibus</span> <span class='ocrx_word' id='word_1_181' title='bbox 802 1979 965 2019; x_wconf 88' lang='lat' dir='ltr'>usitata</span> <span class='ocrx_word' id='word_1_182' title='bbox 1010 1978 1181 2019; x_wconf 86' lang='lat' dir='ltr'>facilius</span> <span class='ocrx_word' id='word_1_183' title='bbox 1228 1979 1523 2032; x_wconf 83' lang='lat' dir='ltr'>incorruptam</span> <span class='ocrx_word' id='word_1_184' title='bbox 1556 1977 1737 2030; x_wconf 89' lang='lat' dir='ltr'>antiqui-</span> 
     </span>
     <span class='ocr_line' id='line_1_23' title="bbox 154 2050 1733 2105; baseline -0.001 -13"><span class='ocrx_word' id='word_1_185' title='bbox 154 2058 284 2092; x_wconf 87' lang='lat' dir='ltr'>tatem</span> <span class='ocrx_word' id='word_1_186' title='bbox 319 2058 593 2103; x_wconf 87' lang='lat' dir='ltr'>couservant,</span> <span class='ocrx_word' id='word_1_187' title='bbox 626 2058 674 2093; x_wconf 86' lang='lat' dir='ltr'>ut</span> <span class='ocrx_word' id='word_1_188' title='bbox 703 2051 927 2094; x_wconf 83' lang='lat' dir='ltr'>Ciceronis</span> <span class='ocrx_word' id='word_1_189' title='bbox 968 2052 1039 2103; x_wconf 85' lang='lat' dir='ltr'>(de</span> <span class='ocrx_word' id='word_1_190' title='bbox 1073 2067 1132 2094; x_wconf 90' lang='lat' dir='ltr'>or.</span> <span class='ocrx_word' id='word_1_191' title='bbox 1156 2052 1222 2093; x_wconf 88' lang='lat' dir='ltr'>HI</span> <span class='ocrx_word' id='word_1_192' title='bbox 1266 2051 1330 2105; x_wconf 76' lang='lat'>12,</span> <span class='ocrx_word' id='word_1_193' title='bbox 1364 2050 1434 2103; x_wconf 82' lang='grc'>45)</span> <span class='ocrx_word' id='word_1_194' title='bbox 1460 2058 1559 2092; x_wconf 89' lang='lat' dir='ltr'>utar</span> <span class='ocrx_word' id='word_1_195' title='bbox 1589 2050 1733 2092; x_wconf 82' lang='lat' dir='ltr'>verbis</span> 
     </span>
     <span class='ocr_line' id='line_1_24' title="bbox 156 2124 1735 2181; baseline 0 -16"><span class='ocrx_word' id='word_1_196' title='bbox 156 2141 283 2180; x_wconf 83' lang='lat' dir='ltr'>quam</span> <span class='ocrx_word' id='word_1_197' title='bbox 317 2126 371 2167; x_wconf 91' lang='lat' dir='ltr'>ob</span> <span class='ocrx_word' id='word_1_198' title='bbox 404 2141 494 2168; x_wconf 87' lang='lat' dir='ltr'>rem</span> <span class='ocrx_word' id='word_1_199' title='bbox 525 2126 680 2167; x_wconf 89' lang='lat' dir='ltr'>iniuria</span> <span class='ocrx_word' id='word_1_200' title='bbox 725 2126 828 2167; x_wconf 86' lang='lat' dir='ltr'>mihi</span> <span class='ocrx_word' id='word_1_201' title='bbox 876 2126 1049 2181; x_wconf 88' lang='lat' dir='ltr'>quidem</span> <span class='ocrx_word' id='word_1_202' title='bbox 1097 2126 1284 2168; x_wconf 87' lang='lat' dir='ltr'>editores</span> <span class='ocrx_word' id='word_1_203' title='bbox 1331 2126 1477 2166; x_wconf 87' lang='lat' dir='ltr'>invitis</span> <span class='ocrx_word' id='word_1_204' title='bbox 1536 2124 1735 2166; x_wconf 88' lang='lat' dir='ltr'>omnibus</span> 
     </span>
     <span class='ocr_line' id='line_1_25' title="bbox 155 2198 1735 2255; baseline 0 -15"><span class='ocrx_word' id='word_1_205' title='bbox 155 2200 276 2241; x_wconf 81' lang='lat' dir='ltr'>libris</span> <span class='ocrx_word' id='word_1_206' title='bbox 310 2198 720 2242; x_wconf 73' lang='lat' dir='ltr'>mm.“iuriiurando‘&#39;</span> <span class='ocrx_word' id='word_1_207' title='bbox 749 2202 974 2255; x_wconf 84' lang='lat' dir='ltr'>scripsisse</span> <span class='ocrx_word' id='word_1_208' title='bbox 1006 2201 1217 2242; x_wconf 80' lang='lat' dir='ltr'>videntur.</span> <span class='ocrx_word' id='word_1_209' title='bbox 1252 2200 1350 2241; x_wconf 92' lang='lat' dir='ltr'>Hoc</span> <span class='ocrx_word' id='word_1_210' title='bbox 1373 2201 1485 2242; x_wconf 87' lang='lat' dir='ltr'>enim</span> <span class='ocrx_word' id='word_1_211' title='bbox 1505 2199 1603 2241; x_wconf 90' lang='grc'>1000</span> <span class='ocrx_word' id='word_1_212' title='bbox 1625 2199 1735 2241; x_wconf 90' lang='lat' dir='ltr'>bene</span> 
     </span>
     <span class='ocr_line' id='line_1_26' title="bbox 156 2273 1735 2328; baseline -0.001 -14"><span class='ocrx_word' id='word_1_213' title='bbox 156 2274 327 2326; x_wconf 84' lang='lat' dir='ltr'>accidit,</span> <span class='ocrx_word' id='word_1_214' title='bbox 360 2282 407 2315; x_wconf 90' lang='lat' dir='ltr'>ut</span> <span class='ocrx_word' id='word_1_215' title='bbox 438 2274 711 2316; x_wconf 87' lang='lat' dir='ltr'>librariorum</span> <span class='ocrx_word' id='word_1_216' title='bbox 742 2276 915 2316; x_wconf 86' lang='lat' dir='ltr'>inscitia</span> <span class='ocrx_word' id='word_1_217' title='bbox 946 2275 1087 2316; x_wconf 88' lang='lat' dir='ltr'>forma</span> <span class='ocrx_word' id='word_1_218' title='bbox 1119 2275 1306 2328; x_wconf 77' lang='lat' dir='ltr'>genuina</span> <span class='ocrx_word' id='word_1_219' title='bbox 1346 2280 1601 2316; x_wconf 83' lang='lat' dir='ltr'>servaretur.</span> <span class='ocrx_word' id='word_1_220' title='bbox 1664 2273 1735 2314; x_wconf 90' lang='lat' dir='ltr'>Ni-</span> 
     </span>
     <span class='ocr_line' id='line_1_27' title="bbox 156 2347 1736 2404; baseline -0.001 -16"><span class='ocrx_word' id='word_1_221' title='bbox 156 2349 309 2389; x_wconf 84' lang='lat' dir='ltr'>mirum</span> <span class='ocrx_word' id='word_1_222' title='bbox 333 2347 571 2389; x_wconf 88' lang='lat' dir='ltr'>ablativum</span> <span class='ocrx_word' id='word_1_223' title='bbox 593 2348 676 2389; x_wconf 88' lang='lat' dir='ltr'>hoc</span> <span class='ocrx_word' id='word_1_224' title='bbox 708 2348 805 2389; x_wconf 92' lang='lat' dir='ltr'>loco</span> <span class='ocrx_word' id='word_1_225' title='bbox 829 2355 1004 2390; x_wconf 83' lang='lat' dir='ltr'>exstare</span> <span class='ocrx_word' id='word_1_226' title='bbox 1028 2350 1192 2403; x_wconf 86' lang='lat' dir='ltr'>opinati</span> <span class='ocrx_word' id='word_1_227' title='bbox 1217 2355 1327 2402; x_wconf 83' lang='lat' dir='ltr'>sunt,</span> <span class='ocrx_word' id='word_1_228' title='bbox 1360 2349 1403 2390; x_wconf 88' lang='lat' dir='ltr'>id</span> <span class='ocrx_word' id='word_1_229' title='bbox 1425 2349 1542 2404; x_wconf 86' lang='lat' dir='ltr'>quod</span> <span class='ocrx_word' id='word_1_230' title='bbox 1566 2348 1736 2402; x_wconf 80' lang='lat' dir='ltr'>egregie</span> 
     </span>
     <span class='ocr_line' id='line_1_28' title="bbox 157 2421 1734 2479; baseline -0.001 -16"><span class='ocrx_word' id='word_1_231' title='bbox 157 2423 307 2464; x_wconf 86' lang='lat' dir='ltr'>codice</span> <span class='ocrx_word' id='word_1_232' title='bbox 339 2422 376 2463; x_wconf 78' lang='lat' dir='ltr'>F</span> <span class='ocrx_word' id='word_1_233' title='bbox 409 2422 729 2477; x_wconf 82' lang='lat' dir='ltr'>comprobatur,</span> <span class='ocrx_word' id='word_1_234' title='bbox 763 2424 805 2463; x_wconf 91' lang='lat' dir='ltr'>in</span> <span class='ocrx_word' id='word_1_235' title='bbox 839 2438 922 2479; x_wconf 91' lang='lat' dir='ltr'>quo</span> <span class='ocrx_word' id='word_1_236' title='bbox 964 2421 1034 2464; x_wconf 61' lang='lat' dir='ltr'>“in</span> <span class='ocrx_word' id='word_1_237' title='bbox 1077 2425 1168 2465; x_wconf 88' lang='lat' dir='ltr'>iure</span> <span class='ocrx_word' id='word_1_238' title='bbox 1205 2421 1397 2464; x_wconf 78' lang='lat' dir='ltr'>iurando⁷</span> <span class='ocrx_word' id='word_1_239' title='bbox 1432 2423 1603 2476; x_wconf 80' lang='lat' dir='ltr'>legitur.</span> <span class='ocrx_word' id='word_1_240' title='bbox 1666 2421 1734 2462; x_wconf 93' lang='lat' dir='ltr'>De</span> 
     </span>
     <span class='ocr_line' id='line_1_29' title="bbox 157 2494 1737 2550; baseline -0.003 -12"><span class='ocrx_word' id='word_1_241' title='bbox 157 2497 314 2538; x_wconf 78' lang='lat' dir='ltr'>dativis</span> <span class='ocrx_word' id='word_1_242' title='bbox 346 2497 390 2537; x_wconf 90' lang='lat' dir='ltr'>in</span> <span class='ocrx_word' id='word_1_243' title='bbox 421 2511 461 2536; x_wconf 88' lang='lat' dir='ltr'>-e</span> <span class='ocrx_word' id='word_1_244' title='bbox 484 2497 527 2537; x_wconf 90' lang='lat' dir='ltr'>in</span> <span class='ocrx_word' id='word_1_245' title='bbox 559 2497 807 2538; x_wconf 84' lang='lat' dir='ltr'>universum</span> <span class='ocrx_word' id='word_1_246' title='bbox 839 2498 893 2538; x_wconf 90' lang='lat' dir='ltr'>cf.</span> <span class='ocrx_word' id='word_1_247' title='bbox 917 2497 1097 2550; x_wconf 87' lang='lat' dir='ltr'>Ritschl,</span> <span class='ocrx_word' id='word_1_248' title='bbox 1129 2498 1218 2539; x_wconf 88' lang='lat' dir='ltr'>ind.</span> <span class='ocrx_word' id='word_1_249' title='bbox 1250 2497 1349 2539; x_wconf 86' lang='lat' dir='ltr'>lect.</span> <span class='ocrx_word' id='word_1_250' title='bbox 1382 2498 1521 2538; x_wconf 86' lang='lat' dir='ltr'>Bonn.</span> <span class='ocrx_word' id='word_1_251' title='bbox 1547 2494 1737 2547; x_wconf 65' lang='lat' dir='ltr'>1852s53</span> 
     </span>
     <span class='ocr_line' id='line_1_30' title="bbox 156 2567 1264 2627; baseline 0.003 -18"><span class='ocrx_word' id='word_1_252' title='bbox 156 2585 195 2624; x_wconf 86' lang='lat' dir='ltr'>p.</span> <span class='ocrx_word' id='word_1_253' title='bbox 233 2570 284 2609; x_wconf 84' lang='grc'>13</span> <span class='ocrx_word' id='word_1_254' title='bbox 316 2576 357 2610; x_wconf 89' lang='lat' dir='ltr'>et</span> <span class='ocrx_word' id='word_1_255' title='bbox 382 2567 469 2611; x_wconf 56' lang='lat' dir='ltr'>“De</span> <span class='ocrx_word' id='word_1_256' title='bbox 499 2570 617 2611; x_wconf 85' lang='lat' dir='ltr'>fictil.</span> <span class='ocrx_word' id='word_1_257' title='bbox 650 2570 730 2612; x_wconf 88' lang='lat' dir='ltr'>litt.</span> <span class='ocrx_word' id='word_1_258' title='bbox 761 2571 881 2613; x_wconf 88' lang='lat' dir='ltr'>latin.</span> <span class='ocrx_word' id='word_1_259' title='bbox 915 2570 1087 2627; x_wconf 57' lang='lat' dir='ltr'>antiqu?</span> <span class='ocrx_word' id='word_1_260' title='bbox 1123 2587 1164 2627; x_wconf 88' lang='lat' dir='ltr'>p.</span> <span class='ocrx_word' id='word_1_261' title='bbox 1197 2571 1264 2612; x_wconf 73' lang='grc'>23.</span> 
     </span>
    </p>

    <p class='ocr_par' dir='ltr' id='par_1_8' title="bbox 158 2659 1739 2926">
     <span class='ocr_line' id='line_1_31' title="bbox 293 2659 1737 2718; baseline -0.001 -17"><span class='ocrx_word' id='word_1_262' title='bbox 293 2662 331 2702; x_wconf 78' lang='grc'>2.</span> <span class='ocrx_word' id='word_1_263' title='bbox 364 2660 756 2703; x_wconf 68' lang='lat' dir='ltr'>Ablativus‘vccts</span> <span class='ocrx_word' id='word_1_264' title='bbox 791 2678 869 2718; x_wconf 91' lang='lat' dir='ltr'>pro</span> <span class='ocrx_word' id='word_1_265' title='bbox 903 2663 1118 2705; x_wconf 87' lang='lat' dir='ltr'>usitatiori</span> <span class='ocrx_word' id='word_1_266' title='bbox 1141 2660 1293 2704; x_wconf 63' lang='lat' dir='ltr'>‘&#39;vecte&#39;&#39;</span> <span class='ocrx_word' id='word_1_267' title='bbox 1330 2663 1487 2717; x_wconf 79' lang='lat' dir='ltr'>legitur</span> <span class='ocrx_word' id='word_1_268' title='bbox 1518 2662 1629 2702; x_wconf 82' lang='lat' dir='ltr'>Eun.</span> <span class='ocrx_word' id='word_1_269' title='bbox 1654 2659 1737 2699; x_wconf 71' lang='lat'>774</span> 
     </span>
     <span class='ocr_line' id='line_1_32' title="bbox 158 2733 1735 2791; baseline 0 -16"><span class='ocrx_word' id='word_1_270' title='bbox 158 2737 201 2775; x_wconf 88' lang='lat' dir='ltr'>in</span> <span class='ocrx_word' id='word_1_271' title='bbox 232 2735 290 2776; x_wconf 81' lang='lat' dir='ltr'>A:</span> <span class='ocrx_word' id='word_1_272' title='bbox 330 2733 459 2777; x_wconf 63' lang='lat' dir='ltr'>⁴&#39;male</span> <span class='ocrx_word' id='word_1_273' title='bbox 490 2735 692 2777; x_wconf 80' lang='lat' dir='ltr'>mulcabo</span> <span class='ocrx_word' id='word_1_274' title='bbox 736 2737 889 2791; x_wconf 89' lang='lat' dir='ltr'>ipsam.</span> <span class='ocrx_word' id='word_1_275' title='bbox 923 2736 1117 2778; x_wconf 75' lang='lat' dir='ltr'>Pulchre.</span> <span class='ocrx_word' id='word_1_276' title='bbox 1152 2737 1201 2777; x_wconf 92' lang='lat' dir='ltr'>In</span> <span class='ocrx_word' id='word_1_277' title='bbox 1233 2736 1421 2777; x_wconf 86' lang='lat' dir='ltr'>medium</span> <span class='ocrx_word' id='word_1_278' title='bbox 1464 2735 1546 2776; x_wconf 90' lang='lat' dir='ltr'>huc</span> <span class='ocrx_word' id='word_1_279' title='bbox 1580 2737 1735 2789; x_wconf 74' lang='lat' dir='ltr'>agmen</span> 
     </span>
     <span class='ocr_line' id='line_1_33' title="bbox 159 2808 1734 2864; baseline -0.001 -14"><span class='ocrx_word' id='word_1_280' title='bbox 159 2824 255 2850; x_wconf 87' lang='lat' dir='ltr'>cum</span> <span class='ocrx_word' id='word_1_281' title='bbox 309 2811 435 2864; x_wconf 86' lang='lat' dir='ltr'>vecti,</span> <span class='ocrx_word' id='word_1_282' title='bbox 483 2808 655 2851; x_wconf 82' lang='lat' dir='ltr'>Donax&#39;</span> <span class='ocrx_word' id='word_1_283' title='bbox 708 2816 749 2851; x_wconf 92' lang='lat' dir='ltr'>et</span> <span class='ocrx_word' id='word_1_284' title='bbox 787 2811 1067 2852; x_wconf 86' lang='lat' dir='ltr'>confirmatur</span> <span class='ocrx_word' id='word_1_285' title='bbox 1107 2826 1132 2852; x_wconf 86' lang='lat' dir='ltr'>a</span> <span class='ocrx_word' id='word_1_286' title='bbox 1163 2811 1295 2851; x_wconf 86' lang='lat' dir='ltr'>Prisc.</span> <span class='ocrx_word' id='word_1_287' title='bbox 1346 2810 1367 2851; x_wconf 91' lang='lat' dir='ltr'>I</span> <span class='ocrx_word' id='word_1_288' title='bbox 1408 2808 1503 2859; x_wconf 75' lang='lat'>345,</span> <span class='ocrx_word' id='word_1_289' title='bbox 1538 2810 1563 2850; x_wconf 82' lang='lat'>6</span> <span class='ocrx_word' id='word_1_290' title='bbox 1594 2809 1651 2849; x_wconf 88' lang='lat' dir='ltr'>H.</span> <span class='ocrx_word' id='word_1_291' title='bbox 1693 2814 1734 2849; x_wconf 87' lang='lat' dir='ltr'>ct</span> 
     </span>
     <span class='ocr_line' id='line_1_34' title="bbox 165 2881 1739 2926; baseline -0.001 -3"><span class='ocrx_word' id='word_1_292' title='bbox 165 2881 315 2923; x_wconf 76' lang='lat' dir='ltr'>Servio</span> <span class='ocrx_word' id='word_1_293' title='bbox 368 2884 424 2924; x_wconf 88' lang='lat' dir='ltr'>ad</span> <span class='ocrx_word' id='word_1_294' title='bbox 456 2883 566 2925; x_wconf 87' lang='lat' dir='ltr'>Aen.</span> <span class='ocrx_word' id='word_1_295' title='bbox 601 2884 665 2925; x_wconf 90' lang='lat' dir='ltr'>IX</span> <span class='ocrx_word' id='word_1_296' title='bbox 707 2884 803 2924; x_wconf 65' lang='lat'>465).</span> <span class='ocrx_word' id='word_1_297' title='bbox 857 2883 1056 2926; x_wconf 84' lang='lat' dir='ltr'>Ceterum</span> <span class='ocrx_word' id='word_1_298' title='bbox 1104 2884 1320 2926; x_wconf 80' lang='lat' dir='ltr'>ablativus</span> <span class='ocrx_word' id='word_1_299' title='bbox 1366 2884 1492 2926; x_wconf 90' lang='lat' dir='ltr'>huius</span> <span class='ocrx_word' id='word_1_300' title='bbox 1532 2881 1739 2924; x_wconf 86' lang='lat' dir='ltr'>vocabuli</span> 
     </span>
    </p>
   </div>
  </div>
 </body>
</html>
