2100 3364
139 368 306 409 radtius
354 366 498 408 Herm.
546 366 588 406 X
637 363 718 405 104
764 364 856 419 (ubi
883 363 1021 406 ‘audit
1064 363 1232 405 laudari
1283 369 1324 404 te
1374 358 1580 404 lubenter'
1616 375 1712 416 pro-

140 441 362 496 posuerat)
406 454 545 495 neque
584 438 709 480 aliter
758 453 849 480 rem
895 453 940 480 se
984 437 1144 479 habere
1195 438 1239 479 in
1289 436 1448 478 fabulis
1502 435 1713 476 Plautinis

141 514 399 570 Spengelius
449 516 493 555 in
542 512 651 554 libro
698 511 766 555 σΤ.
817 512 875 553 M.
918 512 1111 553 Plautus.
1159 511 1319 563 Kritik,
1370 509 1577 552 Prosodie
1627 508 1716 550 und

141 586 309 630 Metrik'
340 588 549 642 (Gotting.
611 586 739 639 1865)
798 602 839 642 p.
891 586 976 626 224
1033 585 1191 627 docuit.
1254 583 1341 626 Sed
1385 585 1516 625 miror
1567 597 1714 625 omnes

141 664 305 718 fugisse
356 662 764 704 commentationem
821 660 940 702 illam
999 661 1219 714 egregiam
1269 658 1483 700 Ludovici
1541 657 1713 712 Langii,

141 738 211 778 cui
260 737 483 790 inscripsit
523 733 687 777 ‘Ueber
734 735 802 776 die
833 734 1023 788 Bildung
1069 732 1144 774 des
1192 732 1337 773 latein.
1378 730 1537 772 Infinit.
1569 731 1715 772 Praes.

141 808 335 863 Passivi',
377 810 486 850 actis
533 809 785 851 academiae
817 808 1171 850 Vindobonensis
1210 807 1255 849 X
1295 804 1437 858 (1860)
1481 804 1618 845 1-58
1656 806 1716 846 in-

143 889 312 924 sertam.
345 882 687 925 Aecuratissime
709 883 822 924 enim
843 888 978 924 totam
1010 881 1082 924 ille
1113 881 1238 923 huius
1270 880 1470 921 infinitivi
1490 878 1715 920 historiam

140 957 403 1012 conscripsit
425 957 632 1013 locosque
656 972 804 999 omnes
826 954 1127 1011 congessitffl).
1159 956 1209 996 In
1231 954 1384 996 Plauto
1407 954 1537 1007 igitur
1553 952 1717 994 formae

141 1032 185 1072 in
217 1031 296 1073 -ier
330 1030 410 1072 168
442 1031 550 1072 locis
579 1032 625 1072 in
654 1031 737 1073 fine
769 1046 934 1084 versus,
981 1029 1006 1070 9
1037 1030 1146 1072 locis
1179 1035 1278 1071 ante
1310 1041 1551 1078 caesuram,
1586 1026 1718 1068 semel

141 1105 227 1148 alio
261 1105 358 1147 loco
390 1106 676 1161 reperiuntur,
710 1120 837 1161 quem
859 1119 995 1160 aeque
1016 1103 1272 1146 mutandum
1293 1108 1424 1158 atque
1444 1115 1576 1142 unum
1597 1099 1718 1142 illum

141 1180 448 1222 Terentianum
499 1181 597 1235 ipsa
641 1195 710 1222 res
755 1179 929 1222 clamat.
992 1178 1135 1231 Quam
1183 1177 1237 1220 ob
1269 1192 1360 1219 rem
1400 1180 1601 1231 prompta
1649 1181 1715 1215 est

141 1249 394 1290 coniectura
425 1255 592 1290 ceteros
625 1263 794 1304 quoque
818 1249 1040 1289 scaenicos
1063 1248 1246 1289 eandem
1279 1246 1534 1290 observasse
1562 1248 1715 1304 legem,

141 1322 186 1364 id
220 1322 336 1378 quod
366 1322 482 1364 haud
512 1321 829 1377 neglegendum
860 1328 925 1364 est
956 1323 999 1363 in
1021 1321 1286 1363 adornandis
1319 1322 1718 1378 constituendisque

142 1396 313 1438 illorum
345 1397 612 1451 fragmentis.
652 1395 782 1448 Quod
821 1396 877 1438 ad
909 1403 1061 1451 poetas
1093 1396 1165 1451 qui
1205 1396 1458 1438 hexametro
1500 1396 1716 1453 dactylico

142 1471 209 1512 usi
240 1477 351 1524 sunt,
384 1472 550 1524 attinet,
584 1485 658 1512 eos
690 1470 773 1512 hoc
804 1470 1014 1512 infinitivo
1047 1472 1299 1525 insequente
1330 1470 1487 1512 vocula
1519 1485 1545 1512 a
1575 1471 1717 1513 vocali

141 1545 374 1600 incipiente
405 1560 507 1587 usos
540 1560 634 1586 esse
664 1544 778 1586 idem
810 1544 962 1599 Lange
994 1544 1274 1586 demonstrat.

682 2066 1142 2115 ADVERBIA.

286 2221 321 2261 1.
353 2220 621 2263 Adverbium
661 2220 744 2263 loci
783 2222 1082 2277 pronominale
1115 2219 1206 2264 ‘illi'
1251 2222 1366 2264 solus
1414 2223 1556 2266 codex
1596 2225 1719 2266 Bem-

146 2294 272 2336 binus
311 2294 436 2336 nobis
468 2295 619 2337 tradit:

149 2369 322 2410 Phorm.
356 2367 432 2409 91:
462 2366 646 2411 “interea
678 2369 778 2411 dum
813 2370 1012 2412 sedemus
1044 2370 1119 2424 illi,
1154 2368 1410 2425 intervenit,

146 2443 257 2485 Hec.
292 2440 397 2484 802:
425 2440 590 2498 ‘itaque
632 2445 803 2499 ineptus
848 2444 976 2486 hodie
1016 2444 1117 2486 dum
1154 2444 1216 2487 illi
1259 2445 1401 2499 sedeo,
1444 2452 1491 2487 ut
1541 2446 1721 2502 quisquc

351 2514 553 2570 volnerat’,

150 2590 233 2633 Ad.
268 2590 369 2632 844:
398 2589 466 2632 “eo
500 2594 630 2646 pacto
662 2607 860 2647 prorsum
893 2592 954 2635 illi
987 2593 1193 2647 adligaris
1226 2591 1388 2646 filimn’,

287 2738 326 2782 ³³)
354 2739 443 2771 Cum
469 2738 539 2770 loci
565 2740 774 2771 Terentiani
802 2740 895 2782 apud
921 2741 1100 2782 Langium
1126 2740 1184 2772 hic
1216 2740 1291 2772 illic
1326 2740 1476 2783 dispersi
1508 2750 1624 2783 neque
1656 2741 1720 2773 sub

149 2804 218 2825 uno
245 2800 436 2837 conspectu
464 2797 534 2827 sint
552 2796 668 2837 positi,
696 2807 754 2828 eos
782 2807 824 2828 ex
842 2797 982 2829 schedis
1001 2798 1089 2829 meis
1115 2797 1185 2828 huc
1202 2797 1458 2829 transscribere
1475 2796 1571 2828 haud
1595 2798 1720 2829 inutile

149 2850 243 2891 duxi,
269 2852 440 2894 imprimis
467 2864 547 2884 cum
571 2853 671 2885 Neue
698 2853 720 2885 l.
747 2865 787 2893 0.,
813 2853 857 2885 ad
891 2865 994 2896 quem
1022 2854 1235 2885 Conradtius
1262 2853 1283 2886 1.
1317 2865 1346 2887 c,
1381 2853 1542 2896 legentes
1569 2854 1722 2897 delegat⁷

149 2918 219 2939 non
247 2919 368 2940 omnes
393 2911 563 2951 praebeat
588 2910 698 2943 locos.

1521 2978 1571 3010 5ᾆί-
