2100 3364
335 388 495 438 libri37)
527 394 627 430 ante
672 387 851 429 vocales
897 386 1120 442 praebent,
1169 387 1260 427 sine
1294 386 1423 428 dubio
1456 387 1614 428 rectius
1646 402 1837 442 agemus,
1871 389 1906 430 si

339 463 520 506 eandem
551 462 682 503 etiam
699 461 835 503 Andr.
870 461 950 501 712
981 461 1245 502 restituimus
1278 476 1377 503 cum
1399 461 1640 503 Schuberto
1663 461 1691 503 l.
1714 476 1749 502 c.
1773 477 1814 517 p.
1840 462 1904 515 16,

338 551 467 591 quam
490 537 524 577 si
544 535 827 577 Ritschelium
850 537 1078 591 sequimur,
1113 537 1184 591 qui
1207 542 1321 578 certe
1353 536 1406 578 de
1427 536 1582 577 Plauto
1606 541 1707 577 ante
1728 535 1904 578 vocales

337 611 497 666 ubique
513 608 635 651 ‘face'
673 610 947 652 scribendum
968 625 1063 652 esse
1085 610 1318 652 affirmavit
1344 611 1414 662 (cf.
1440 625 1507 666 op.
1531 611 1575 652 II
1595 610 1708 660 545).
1744 608 1909 662 Quodsi

336 685 586 727 Terentium
607 691 707 727 ante
730 692 1020 727 consonantes
1043 691 1157 727 certe
1174 700 1388 740 nusquam
1402 683 1524 727 ‘face'
1552 685 1715 727 dixisse
1736 690 1909 726 constat

335 774 474 814 neque
506 760 679 801 omnino
725 761 768 800 in
800 760 941 801 medio
988 774 1116 801 versu
1148 761 1209 800 sic
1257 761 1489 814 scripsisse
1520 762 1610 801 veri
1659 760 1795 801 simile
1828 765 1907 813 est,

336 834 451 876 idem
483 834 535 876 de
566 834 720 876 Plauto
767 849 856 876 non
900 834 1058 887 valere,
1106 849 1162 875 ex
1193 834 1404 888 exemplis
1438 849 1548 889 quae
1579 835 1698 877 Neue
1729 835 1791 875 11²
1823 834 1906 874 439

337 909 501 964 profert
531 909 791 950 examinatis
823 908 1030 961 intellexi,
1064 923 1326 964 quamquam
1352 910 1483 950 etiam
1513 909 1726 962 Plautum,
1758 915 1805 950 ut
1827 909 1910 951 fert

336 985 458 1025 vocis
490 990 657 1036 natura,
691 998 787 1024 eam
807 984 937 1037 longe
958 983 1154 1038 plurimis
1179 984 1288 1025 locis
1311 984 1356 1024 in
1375 983 1461 1025 fine
1482 999 1632 1025 versus
1656 983 1909 1025 adhibuisse

339 1059 570 1100 dicendum
601 1065 679 1099 est.

474 1134 762 1188 Imperativus
794 1132 914 1174 verbi
948 1133 1155 1188 simplicis
1182 1131 1318 1175 fduce'
1352 1147 1566 1188 nusquam
1607 1133 1763 1187 legitur
1795 1133 1911 1187 apud

336 1208 607 1249 Terentium:
641 1222 779 1262 neque
801 1209 915 1250 enim
936 1214 1107 1262 poterat
1129 1207 1324 1249 adhiberi
1351 1209 1395 1249 in
1416 1208 1502 1249 fine
1534 1222 1737 1249 versuum
1757 1207 1907 1249 iambi-

336 1297 497 1324 corum.
530 1282 581 1323 In
611 1281 756 1324 Verbis
801 1288 947 1323 autem
991 1283 1244 1337 compositis
1291 1283 1457 1324 formae
1499 1282 1717 1337 longiores
1749 1281 1902 1323 melius

339 1372 431 1398 sese
463 1372 749 1398 conservasse
779 1356 991 1398 videntur.
1054 1357 1279 1411 Leguntur
1320 1358 1434 1398 enim
1465 1364 1565 1398 ante
1598 1362 1910 1399 consonantes:

337 1431 420 1472 Ad.
453 1431 556 1473 482:
583 1429 837 1473 '‘sustentat:
872 1431 985 1473 hunc
1017 1431 1198 1484 abduce,
1237 1436 1255 1481 Η
1289 1433 1407 1473 vinei
1440 1433 1599 1487 quaere
1630 1429 1745 1485 rem',

335 1506 393 1547 ib.
425 1505 530 1546 917:
559 1503 623 1547 'tu
653 1506 750 1547 illa-s
783 1505 855 1547 abi
887 1512 929 1547 et
958 1507 1150 1548 traduce.
1189 1507 1218 1559 {1⁷
1242 1507 1300 1548 Di
1332 1507 1423 1561 tibi,
1457 1506 1652 1549 Demea'.

474 1580 590 1623 Ante
620 1582 798 1623 vocales
828 1583 873 1623 in
906 1581 1106 1623 omnibus
1137 1582 1328 1623 melioris
1360 1588 1492 1624 notae
1527 1582 1673 1624 libris:

337 1655 470 1697 Haut.
504 1655 606 1696 744:
649 1654 848 1698 “ancillas
898 1671 1046 1699 omnes
1093 1657 1325 1699 Bacchidis
1372 1657 1553 1699 traduce
1598 1658 1682 1698 huc
1729 1657 1786 1699 ad
1832 1671 1910 1698 vos

544 1729 754 1786 propere':

474 1806 525 1846 In
559 1805 650 1846 solo
684 1805 750 1846 A:

335 1880 446 1922 Eun.
480 1880 585 1922 538:
614 1878 718 1933 ⁹abi,
750 1880 924 1933 Dorias,
958 1882 1042 1922 cito
1076 1881 1190 1923 hunc
1224 1881 1391 1923 deduce
1425 1881 1483 1922 ad
1517 1878 1726 1923 militem'.

474 1955 522 1997 In
558 1955 755 1997 omnibus
779 1962 949 2011 praeter
980 1955 1019 1996 A
1043 1956 1267 1998 codicibus
1292 1972 1301 1997 :

337 2029 420 2071 Ad.
443 2028 548 2070 910:
570 2028 768 2072 'traduce
794 2038 835 2072 et
856 2037 1038 2073 matrem
1060 2038 1101 2072 et
1123 2031 1334 2072 familiam
1357 2046 1528 2072 omnem
1551 2031 1607 2072 ad
1638 2031 1729 2072 nos.
1753 2027 1911 2071 Placet?

475 2103 531 2156 (A
563 2104 904 2157 TRADUOET)
925 2139 932 2155 ‚

336 2179 505 2221 Phorm.
538 2178 641 2220 309:
669 2178 759 2221 fabi
794 2180 1006 2221 Phaedria
1029 2195 1125 2222 eum
1147 2181 1314 2235 require
1343 2187 1417 2235 atq
1429 2195 1483 2221 ue
1506 2180 1588 2220 huc
1612 2178 1793 2221 adduce.
1828 2176 1913 2220 E0⁷

544 2255 690 2305 (ceteri
722 2255 819 2296 libri
850 2255 961 2296 falso
994 2255 1156 2297 habent
1182 2252 1370 2297 ‘adduce
1406 2252 1534 2306 huc⁷),

338 2328 394 2369 ib.
429 2326 532 2369 410:
560 2327 692 2370 rdotis
725 2330 841 2374 dare,
875 2329 1044 2371 abduce
1074 2330 1199 2382 hanc,
1231 2331 1371 2370 minas
1405 2332 1592 2385 quinque
1625 2325 1804 2382 accipe',

340 2403 447 2444 Hec.
481 2401 583 2443 605:
612 2401 686 2445 ³1ni
719 2406 859 2458 gnate,
909 2404 965 2445 da
1004 2406 1175 2446 veniam
1223 2404 1334 2445 hanc
1380 2404 1497 2457 mihi,
1543 2403 1733 2464 reddupg
1778 2402 1909 2444 illam.

546 2479 641 2519 Vae
671 2480 827 2520 misero
862 2477 992 2520 mihs'.

478 2550 642 2594 Contra
660 2568 808 2594 omnes
822 2553 920 2594 libri
939 2554 1124 2595 formam
1144 2553 1368 2608 volgarem
1389 2553 1601 2610 praebent
1615 2559 1715 2594 ante
1734 2551 1909 2593 vocales

342 2626 448 2669 Hec.
482 2628 585 2670 654:
634 2625 814 2670 “redduo
857 2644 1038 2670 uxorem
1082 2643 1133 2670 ac
1165 2629 1253 2670 noli
1284 2628 1507 2671 adversari
1537 2625 1667 2680 mihi',
1714 2626 1770 2668 ib.
1804 2625 1908 2667 698:

331 2698 511 2744 ¹'redduc
541 2719 736 2756 uxorem,
769 2711 843 2746 aut
875 2719 1005 2760 quam
1036 2703 1091 2744 ob
1123 2718 1214 2745 rem
1260 2719 1347 2745 non
1380 2718 1489 2759 opus
1528 2704 1582 2744 sit
1616 2699 1750 2754 cedo',
1798 2702 1919 2754 (ante

339 2791 577 2819 consonam
622 2778 732 2820 Eun.
766 2778 870 2819 377:
914 2777 1013 2833 ‘age
1059 2780 1204 2820 eamus
1250 2780 1363 2820 intro
1409 2779 1633 2820 nunciam:
1692 2790 1798 2817 orna
1837 2791 1918 2828 me,

479 2881 518 2922 ³⁷)
542 2883 692 2915 Versum
712 2883 820 2914 Andr.
847 2883 911 2914 483
926 2883 1101 2914 scholium
1120 2883 1280 2914 Bembin.
1308 2883 1344 2913 in
1364 2882 1430 2916 Ad.
1449 2882 1504 2913 III
1522 2881 1552 2920 4,
1579 2881 1622 2912 :36
1650 2882 1701 2912 sic
1730 2880 1920 2920 praebere:

340 2937 430 2974 ‘face
455 2941 553 2972 illam
578 2946 616 2972 ut
641 2936 758 2981 lavet',
786 2941 868 2972 nolo
894 2941 1036 2972 silentio
1062 2941 1268 2981 praeterire.
