2100 3364
992 257 1272 298 ,26-

348 388 563 430 Fleckeis.
597 386 744 428 CXIII
796 384 938 439 [1876]
973 383 1083 436 421).
1125 382 1212 425 Sed
1244 382 1397 424 eadem
1428 381 1501 422 lex
1534 381 1664 423 etiam
1696 382 1749 424 de
1777 382 1920 424 forma

344 460 572 505 ‘sinistera’
606 461 745 502 valet:
792 460 933 500 forma
980 459 1094 499 enim
1138 455 1368 511 trisyllaba
1413 456 1556 497 medio
1604 470 1733 497 versu
1762 456 1919 511 legitur

349 538 459 579 Eun.
480 536 561 576 775
584 544 624 577 et
647 536 729 577 Ad.
752 534 848 587 582,
881 535 925 574 in
945 533 1029 574 fine
1061 539 1205 573 autem
1226 546 1378 573 versus
1402 537 1554 572 contra
1577 545 1725 572 omnes
1748 531 1922 573 codices

351 611 601 654 necessario
637 609 914 652 scribendum
945 614 1010 649 est
1041 607 1152 648 Eun.
1186 605 1289 647 835:
1316 603 1605 647 ‘sinisteram'.

488 720 528 761 2.
561 720 628 761 De
659 718 901 760 masculino
944 713 1129 758 alacris
1170 717 1297 768 (Eun.
1332 714 1435 756 304·
1462 713 1585 771 quid
1629 723 1674 757 tu
1706 731 1751 757 es
1790 715 1924 756 tristis

355 793 431 847 [sc.
464 792 542 835 Ch
533 792 711 846 meleis?
744 792 902 849 quidve
934 806 979 832 es
1012 788 1235 840 alamiSP')
1269 790 1324 831 cf.
1349 789 1471 832 Serv,
1505 791 1561 832 ad
1593 790 1700 831 Aen.
1733 789 1797 831 VI
1819 788 1923 830 68);

346 866 587 909 sciendum
633 868 835 922 antiquos
868 872 910 906 et
944 865 1102 906 alaclis
1134 871 1176 905 et
1207 863 1353 905 alacer
1399 870 1440 905 et
1472 864 1584 905 amis
1631 871 1673 905 et
1705 879 1805 905 acer
1836 870 1925 904 tam

352 943 404 984 de
426 942 666 984 masculino
691 956 819 996 quam
842 941 895 982 de
916 939 1123 981 feminino
1146 953 1303 993 genere
1330 939 1521 991 dixisse3
1554 953 1693 980 nunc
1724 952 1925 979 mascu-

350 1018 462 1059 lino
495 1024 779 1072 utrumque
826 1015 1035 1067 damus,
1083 1014 1137 1055 de
1168 1013 1374 1054 feminino
1423 1012 1569 1054 alacer
1601 1019 1642 1054 et
1675 1027 1775 1054 acer
1805 1027 1925 1053 num-

353 1107 482 1148 quam
515 1088 722 1133 dicimus?
783 1089 916 1144 Apud
946 1087 1187 1142 Vergilium
1233 1093 1378 1128 autem
1415 1086 1443 1127 l.
1476 1100 1512 1127 c.
1540 1083 1716 1128 ‘alacris
1758 1085 1926 1141 palmas

351 1174 556 1221 utrasque
587 1161 779 1206 tetendit⁷
815 1164 869 1205 de
901 1162 1094 1204 Anchisa
1127 1161 1298 1203 dicitur,

488 1274 527 1315 3.
574 1273 851 1315 Adiectivum
905 1267 1082 1312 ‘hilaris'
1136 1284 1212 1322 per
1261 1275 1399 1310 totam
1451 1269 1735 1310 Latinitatem
1793 1268 1927 1309 fuisse

353 1349 616 1391 adiectivum
649 1347 765 1402 quod
797 1346 955 1388 dicitur
987 1344 1216 1386 abundans
1248 1350 1399 1384 notum
1431 1350 1509 1396 est,
1543 1342 1598 1384 cf.
1621 1342 1741 1384 Neue
1775 1342 1838 1383 112
1861 1341 1928 1382 87.

353 1423 496 1479 Atque
542 1424 585 1464 in
617 1422 821 1463 Terentio
868 1420 935 1460 his
982 1419 1139 1474 legituz
1183 1417 1316 1459 locis:
1368 1417 1452 1459 Ad.
1487 1416 1591 1457 756:
1634 1414 1838 1458 '‘hilaium
1880 1417 1929 1456 ic

351 1497 571 1539 lubentem
602 1497 672 1538 fic
692 1503 734 1538 te
757 1496 876 1550 gnati
906 1496 949 1536 in
982 1491 1152 1549 nuptiis
1190 1490 1414 1545 (hilar’em
1448 1492 1540 1533 DE
1558 1492 1611 1532 F1
1633 1490 1706 1544 Gr),
1739 1491 1797 1532 ib.
1822 1490 1926 1531 842:

349 1571 496 1614 'hodie
536 1572 665 1613 modo
712 1570 897 1611 hilarum
928 1569 999 1610 fac
1029 1565 1097 1609 te'.
1150 1567 1214 1608 Ib.
1247 1566 1329 1607 287
1363 1566 1537 1608 codices
1576 1565 1808 1620 piaebent:
1851 1562 1931 1605 '‘ita

355 1650 537 1703 quaeso:
586 1645 760 1701 quando
794 1644 875 1685 hoc
907 1643 1018 1685 bene
1052 1642 1276 1695 successit,
1324 1640 1503 1682 hilarem
1550 1640 1665 1682 hunc
1713 1642 1932 1681 sumamus

358 1719 496 1764 diem.'
561 1720 801 1762 Pahnerius
835 1725 876 1760 et
906 1717 1142 1771 Bentleius,
1191 1732 1298 1773 quos
1331 1722 1503 1771 praeter
1533 1713 1931 1770 Umpfenbachium

357 1811 506 1838 omnes
530 1796 717 1837 editores
742 1794 875 1834 secuti
910 1799 1008 1834 sunt
1039 1792 1223 1834 formam
1239 1789 1420 1843 ⁶hilaris‚
1454 1787 1484 1831 e'
1511 1804 1536 1830 a
1559 1789 1760 1830 Terentio
1783 1795 1933 1843 utpote

357 1871 411 1912 ab
436 1870 550 1912 illius
573 1876 715 1911 aetate
739 1868 926 1910 alienam
949 1867 1127 1909 exulare
1149 1866 1346 1907 iubentes
1369 1870 1518 1906 nostro
1541 1863 1638 1905 loco
1673 1862 1928 1904 adverbium

351 1943 516 1987 ‘hilare'
552 1945 832 1986 restituerunt
862 1942 1033 1984 collatis
1065 1941 1205 1982 Plaut.
1230 1940 1359 1995 Epid.
1398 1938 1419 1979 I
1441 1937 1479 1992 2,
1503 1937 1559 1978 54
1598 1937 1739 1989 (158);
1766 1935 1933 1978 “eamus

359 2022 469 2063 intro
504 2019 586 2061 huc
614 2019 671 2060 ad
710 2024 766 2071 te,
800 2024 846 2059 ut
877 2016 991 2058 hunc
1022 2016 1153 2057 hodie
1196 2016 1309 2057 diem
1339 2015 1556 2057 luculente
1585 2008 1833 2055 habeamus’
1874 2013 1935 2062 (at

361 2094 573 2136 Goetzius
599 2089 912 2144 ‘luculentum')
949 2097 990 2133 et
1011 2091 1168 2132 Pseud,
1205 2089 1336 2131 1268:
1363 2087 1495 2130 ‘hunc
1527 2088 1641 2130 diem
1673 2088 1934 2141 sumpsimus

361 2166 614 2225 prothyme'.
667 2168 755 2210 Sed
786 2167 971 2222 primum
1003 2164 1260 2207 adverbium
1292 2164 1538 2205 necessario
1571 2177 1660 2204 non
1689 2162 1932 2216 requiritur,

358 2259 460 2286 nam
505 2243 607 2284 licet
656 2240 923 2283 concedatur
967 2239 1210 2281 Bentleium
1256 2244 1371 2279 recte
1417 2244 1569 2279 contra
1616 2237 1814 2290 codices,
1863 2235 1935 2289 qui

355 2314 564 2359 ‘hilarem'
600 2315 824 2371 praebent,
859 2315 1085 2369 scripsisse
1117 2312 1257 2354 Plaut.
1290 2313 1421 2354 Poen.
1454 2312 1495 2353 V
1516 2311 1554 2365 6,
1589 2310 1643 2352 30
1670 2310 1843 2364 (1351):
1871 2306 1935 2349 ‘ut

360 2392 474 2434 hunc
506 2392 663 2432 festum
686 2390 799 2431 diem
822 2388 1060 2430 habeamus
1083 2387 1233 2438 hilare,
1266 2380 1401 2428 huius*
1415 2386 1530 2429 malo
1554 2394 1597 2428 et
1618 2392 1766 2427 nostro
1789 2380 1934 2436 bono’‚

361 2475 506 2508 tamen
537 2466 694 2520 legitur
716 2467 759 2506 in
776 2465 876 2506 Ter.
900 2462 986 2505 Ad.
1009 2462 1106 2515 521,
1141 2477 1267 2517 quem
1289 2461 1433 2503 locum
1457 2475 1605 2503 omnes
1629 2459 1934 2514 neglexerunt:

0 2530 171 2634 W
195 2527 318 2574 2⁴0an
356 2540 475 2583 “nam
506 2541 620 2582 hunc
653 2540 766 2581 diem
797 2540 953 2580 misere
983 2538 1111 2579 nimis
1135 2537 1279 2591 cupio,
1312 2543 1359 2577 ut
1381 2536 1519 2590 coepi,
1552 2539 1872 2590 perpetuom
1894 2532 1936 2571 in

0 2586 321 2695 WWMAW
362 2616 527 2658 laetitia
573 2611 753 2668 degeres
819 2613 987 2665 Quodsi
1038 2612 1193 2654 deinde
1224 2610 1447 2652 Bentleius
1494 2610 1677 2651 formam
1724 2608 1767 2648 in
1811 2606 1864 2646 -is
1912 2621 1936 2645 a

366 2691 634 2731 comicorum
686 2694 828 2730 aetate
880 2687 1065 2729 alienam
1117 2691 1261 2741 putat,
1313 2685 1446 2726 Poen.
1493 2684 1520 2726 l.
1566 2698 1602 2724 c.
1650 2684 1692 2724 in
1740 2682 1938 2724 omnibus

372 2764 493 2805 libris
554 2778 654 2804 mm.
707 2760 955 2815 ⁹(h)ilarem'
1007 2768 1048 2803 et
1085 2761 1215 2802 Most.
1249 2759 1331 2800 318
1387 2756 1568 2811 ⁹(h)ilari
1619 2754 1799 2811 ingenio'
1853 2756 1938 2810 legi

369 2839 599 2880 dicendum
632 2845 710 2879 est.
759 2837 845 2879 Sed
877 2837 999 2890 gravi
1031 2844 1210 2891 'quoque
1242 2833 1486 2875 testimonio
1519 2831 1747 2872 lectionem
1773 2828 1935 2871 ‘hilare'

366 2913 558 2955 defendit
579 2911 813 2953 Bentleius.
847 2912 1008 2952 Exstat
1039 2910 1151 2951 enim
1182 2908 1227 2950 in
1255 2906 1423 2949 Charis.
1457 2921 1497 2960 p.
1521 2903 1616 2958 :2007
1652 2904 1703 2945 15
1724 2904 1786 2946 K:
1815 2902 1937 2945 ‘hila-
