2100 3364
987 299 1269 338 -52—

474 430 538 470 Ac
570 428 734 469 formas
767 425 983 481 pleniores
1016 430 1090 466 aut
1122 426 1165 464 in
1197 424 1282 464 fine
1313 424 1444 464 totius
1467 436 1617 462 versus
1650 427 1724 462 aut
1754 421 1908 476 prioris

338 519 487 546 versus
534 504 670 558 partis
716 501 943 542 admisisse
975 500 1225 540 Terentium
1273 496 1529 553 Spengelius
1571 495 1628 536 ad
1657 494 1792 536 Andr.
1825 493 1908 534 234

338 587 378 621 et
412 577 672 619 Conradtius
703 578 745 617 in
778 576 966 616 Hermae
998 573 1082 615 vol.
1106 574 1149 614 X
1183 571 1264 613 100
1295 588 1357 628 sq.
1391 572 1544 614 eodem
1579 572 1668 612 fere
1699 578 1907 626 tempore,

338 666 599 708 quamquam
644 651 731 690 iam
762 651 949 705 quinque
981 650 1105 689 annis
1143 654 1243 689 ante
1275 645 1393 688 CFG
1425 645 1671 697 Muellerus,
1705 644 1910 687 additam.

337 742 378 782 p.
411 726 465 767 83
495 726 610 768 idem
643 725 861 771 docuerat,
910 727 1227 777 perspexerunt
1257 721 1463 776 locosque
1496 722 1567 775 qui
1605 720 1704 761 huic
1735 719 1820 773 legi
1850 734 1911 760 re-

338 806 544 857 pugnant,
578 799 929 841 emendaverunt.
961 797 1104 852 Atque
1136 799 1179 837 in
1212 794 1417 836 sanandis
1450 795 1580 836 Haut.
1617 792 1747 834 1021:
1794 791 1914 835 ΓΠέιω

336 875 398 916 illi
429 874 534 916 nihil
566 874 645 914 viti
691 879 756 914 est
800 872 1010 923 relictum,
1045 872 1146 926 quin
1195 871 1249 911 sit
1287 870 1333 911 id
1371 870 1522 911 itidem
1552 866 1639 910 tibi'
1678 866 1800 920 (fsiet'
1836 884 1912 924 per

337 951 631 991 coniecturam
662 947 907 1001 legebatur3
944 944 1505 998 QUISITETIDEMTIBI
1528 945 1580 996 A,
1609 941 1732 998 '‘quin
1764 943 1911 985 itidem

339 1025 394 1064 sit
424 1020 512 1064 tibi⁷
549 1023 664 1074 cett.)
702 1028 743 1063 et
775 1022 881 1062 Hec.
915 1020 1020 1060 567:
1068 1018 1187 1061 ⁹nam
1216 1026 1264 1060 ut
1294 1019 1362 1060 hic
1403 1018 1568 1060 laturus
1607 1018 1690 1059 hoc
1724 1019 1815 1071 siet,
1838 1019 1855 1069 Η
1878 1019 1912 1058 si

336 1098 476 1153 ipsam
505 1112 596 1138 rem
626 1103 673 1138 ut
706 1098 760 1137 sit
790 1092 1022 1137 resciverit’
1060 1094 1247 1143 (codices
1292 1100 1458 1134 mutata
1496 1095 1718 1147 utriusque
1749 1092 1913 1134 formae

339 1173 440 1214 sede
466 1169 540 1212 ‘'sit
573 1195 625 1200 -ο
650 1168 758 1222 siet⁷)
793 1170 921 1211 ambo
955 1171 1241 1211 consentiunt.
1275 1167 1445 1210 Deinde
1479 1167 1560 1208 Ad.
1593 1166 1646 1208 82
1679 1181 1763 1221 sq.:
1792 1164 1912 1221 *quid

337 1247 470 1288 tristis
503 1245 578 1288 es?
628 1246 775 1299 Rogas
806 1259 887 1297 me⁷
938 1244 1012 1284 ubi
1044 1243 1169 1285 nobis
1202 1242 1446 1283 Aeschinus
1475 1244 1479 1295 1
1509 1241 1610 1293 siet,
1645 1239 1747 1296 quid
1779 1242 1913 1282 tristis

339 1322 418 1374 ego
454 1322 563 1361 sim?
584 1321 722 1362 Dixin
753 1319 834 1360 hoc
855 1317 958 1360 fore’
983 1318 1244 1359 Ritschelius
1281 1316 1419 1371 (proll.
1443 1318 1485 1357 in
1517 1316 1635 1357 Trin.
1660 1330 1700 1370 p.
1737 1314 1836 1364 120)
1870 1320 1912 1356 et

338 1395 592 1451 Spengelius
610 1393 923 1436 ''Aeschinust‘P
947 1393 1049 1434 Scin
1071 1394 1158 1434 iam
1181 1392 1285 1447 quid
1305 1390 1412 1443 etc⁷.‚
1434 1389 1694 1432 Conradtius
1712 1388 1910 1431 ''Aeschi-

336 1469 468 1512 nust‘?
509 1467 651 1522 Sciet',
675 1469 897 1510 Dziatzko
916 1466 1228 1509 “Aeschinust?
1252 1462 1383 1507 Scies'
1411 1466 1690 1520 scripserunt.
1716 1465 1913 1518 Denique

337 1552 471 1587 restat
492 1545 599 1586 Hec.
623 1543 728 1584 637:
755 1541 841 1584 ⁹sin
874 1544 938 1584 est
969 1548 1017 1583 ut
1039 1542 1163 1583 aliter
1185 1544 1259 1583 tua
1293 1542 1371 1582 siet
1396 1538 1635 1593 sententias,
1670 1541 1741 1595 qui
1763 1554 1914 1580 versus

339 1621 559 1675 ceteroqui
590 1619 753 1660 nullam
783 1617 915 1659 habet
947 1617 1250 1669 offensionem3
1299 1622 1414 1657 certe
1455 1631 1542 1657 non
1580 1615 1781 1657 meliores
1816 1620 1915 1654 sunt

339 1710 489 1736 versus
521 1709 547 1736 a
579 1692 814 1735 Conradtio
848 1692 1080 1747 propositi:
1108 1689 1195 1732 “sin
1240 1693 1304 1732 est
1340 1692 1401 1732 uti
1441 1692 1654 1732 sententia
1687 1690 1811 1731 aliter
1841 1691 1915 1730 tua

340 1766 403 1811 sit'
438 1769 507 1810 vel
532 1766 618 1809 ‘sin
650 1769 715 1809 est
744 1773 792 1807 ut
823 1766 948 1808 aliter
994 1765 1047 1807 de
1092 1766 1173 1806 hac
1206 1772 1280 1806 tua
1321 1767 1376 1806 sit
1408 1762 1645 1806 sententia?
1712 1763 1912 1806 Ceterum

340 1857 437 1884 cum
467 1843 560 1896 ipse
590 1841 742 1882 melius
770 1841 1001 1896 quicquam
1022 1855 1107 1880 non
1130 1840 1293 1894 possim
1325 1839 1475 1880 afferre
1504 1838 1671 1890 (similis
1694 1838 1815 1880 locus
1849 1847 1914 1880 est

340 1917 423 1958 Ad.
454 1915 561 1956 515:
588 1914 760 1957 ‘faciatt
795 1916 861 1956 sin
882 1914 1005 1955 aliter
1028 1914 1080 1955 de
1102 1914 1183 1955 hac
1206 1929 1250 1955 re
1273 1921 1338 1954 est
1359 1914 1449 1954 eius
1475 1910 1716 1963 sententia’)
1751 1922 1916 1955 certam

341 1990 612 2045 corruptelae
642 1989 873 2031 medellam
903 1989 1097 2030 nondum
1128 2003 1223 2029 esse
1255 1989 1475 2029 inventam
1507 1987 1738 2029 dicendum
1768 1995 1843 2029 est.

477 2063 732 2120 Composita
763 2063 883 2105 verbi
916 2063 1177 2105 substantivi
1208 2062 1408 2117 leguntur
1438 2063 1482 2103 in
1513 2062 1596 2103 fine
1619 2077 1769 2103 versus
1802 2063 1913 2104 Eun.

339 2137 442 2180 685:
484 2136 722 2192 ⁹intersiet',
770 2138 940 2180 Phorm.
980 2137 1087 2178 313:
1130 2135 1345 2190 ‘adsient,
1393 2136 1476 2178 Ad.
1507 2135 1611 2177 619:
1640 2133 1836 2189 ⁹adsiet'3
1872 2138 1915 2178 in

340 2214 494 2268 prioris
540 2214 675 2268 partis
707 2213 792 2255 fine
838 2213 947 2254 Hec.
982 2212 1084 2253 735:
1111 2209 1182 2254 ⁹ne
1229 2213 1386 2253 nomen
1416 2211 1520 2252 mihi
1551 2212 1720 2266 quaesti
1753 2211 1913 2253 obsiet:

340 2302 443 2329 nam
490 2288 631 2328 mores
677 2287 806 2329 facile
864 2285 989 2329 tutor'
1050 2288 1283 2340 (Faernus3
1346 2286 1519 2328 codices
1567 2292 1718 2341 aperto
1773 2301 1915 2327 errore

343 2362 608 2414 OBSTET).

477 2437 663 2478 Formae
708 2437 829 2478 verbi
870 2435 1027 2492 ‘'posse''
1071 2437 1285 2492 pleniores
1334 2443 1509 2478 exstant
1555 2438 1598 2478 in
1643 2436 1728 2478 fine
1764 2449 1914 2476 versus

343 2511 477 2553 Andr.
500 2511 595 2564 874,
619 2511 750 2552 Haut.
774 2510 877 2551 675:
905 2509 1113 2567 “possiet'‚
1146 2512 1253 2552 Hec.
1279 2511 1359 2551 729
1384 2511 1530 2564 (codd.
1557 2507 1787 2566 ‘possim')‚
1821 2507 1914 2560 766,

344 2585 425 2626 Ad.
459 2584 562 2626 877:
590 2583 835 2640 *possiem’3
868 2589 911 2627 in
942 2586 1083 2628 medio
1106 2601 1234 2628 versu
1265 2585 1435 2627 Phorm.
1464 2585 1564 2627 773:
1590 2583 1736 2626 ⁶1nodo
1767 2590 1814 2624 ut
1835 2583 1916 2623 hcc

343 2659 523 2700 consilio
557 2660 720 2714 possiet
741 2661 758 2711 Η
781 2660 965 2712 discedi,
998 2666 1044 2701 ut
1081 2662 1211 2702 istam
1257 2658 1413 2713 ducat',
1459 2661 1532 2702 ubi
1570 2661 1712 2701 forma
1753 2659 1844 2700 solo
1879 2657 1918 2698 A

345 2739 517 2774 servata
547 2740 624 2774 est.
679 2734 738 2775 At
772 2735 903 2776 etiam
932 2735 1135 2776 Plautum
1176 2736 1328 2777 eadem
1365 2737 1531 2777 ratione
1572 2736 1616 2775 in
1656 2732 1915 2774 adhibendis

344 2807 491 2847 formis
510 2807 774 2862 plenioribus
791 2823 917 2850 usum
933 2825 1028 2851 esse
1047 2810 1194 2852 docuit
1211 2810 1443 2866 Muellerus
1459 2808 1484 2849 l.
1509 2823 1543 2849 c.
1567 2808 1716 2863 Neque
1738 2822 1916 2862 prorsus

347 2880 567 2923 obsoletae
588 2883 720 2923 fuisse
738 2883 937 2925 videntur
958 2884 1123 2926 formae
1143 2883 1363 2926 Ciceronis
1385 2883 1663 2939 temporibus,
1689 2883 1724 2923 si
1747 2881 1918 2937 quidem

345 2955 402 2996 ad
424 2957 505 2996 ista
536 2957 694 2999 referre
725 2957 838 3011 licet,
872 2973 981 3013 quae
1005 2959 1109 3000 dicit
1141 2965 1247 3000 orat.
1280 2958 1346 3011 47,
1373 2957 1474 2998 157:
1502 2956 1602 3000 “siet
1633 2958 1808 3013 plenum
1838 2962 1915 3008 est,
