2100 3364
155 402 256 456 quin
277 401 503 442 Terentius
521 402 613 455 ipsc
634 400 870 441 formarum
902 400 1140 455 priscarum
1173 415 1257 441 non
1282 401 1391 442 adeo
1415 401 1553 454 magis
1576 415 1729 441 amans

154 475 293 528 fuerit,
343 490 471 530 quam
523 489 648 529 quem
700 474 833 514 fuisse
883 474 1009 515 nobis
1060 489 1082 515 e
1127 476 1383 516 testimoniis
1422 476 1581 516 nostris
1627 474 1727 515 licet

158 550 383 604 suspicari.
434 549 643 590 Nimirum
691 548 725 589 si
756 548 842 590 iam
888 554 1057 590 veteres
1088 548 1247 589 lectum
1286 548 1529 603 elegantem
1575 563 1727 603 purum

154 623 327 664 Terenti
360 636 600 664 sermonem
633 622 877 663 celebrasse
908 637 1033 663 nemo
1057 637 1144 663 non
1167 629 1311 677 potest
1343 622 1423 663 sibi
1451 622 1726 676 persuadere,

154 703 337 752 apparet
367 696 427 737 eis
459 696 531 751 qui
563 702 718 750 poetae
754 695 927 737 fabulas
958 696 1259 737 retractandas
1293 696 1517 749 curabant,
1553 696 1726 736 omnino

153 785 239 812 non
270 770 401 811 fuisse
432 771 727 811 necessarium
759 771 1027 826 antiquitatis
1060 772 1249 825 speciem
1290 773 1332 811 in
1363 770 1514 811 formis
1545 770 1727 810 vetustis

153 844 435 899 conspicuam
467 844 621 898 delere,
655 845 812 900 quippe
843 859 941 886 cum
964 851 1094 900 poeta
1124 846 1216 899 ipse
1239 851 1445 900 quantum
1466 844 1557 885 fieri
1581 851 1729 899 posset

157 933 251 960 sese
285 918 338 960 ab
371 918 455 960 illis
488 919 686 960 consulto
722 918 1015 961 abstinuisset.

289 993 412 1034 Haec
445 994 575 1047 igitur
605 994 923 1048 praemittenda,
955 995 1104 1048 putavi
1128 993 1372 1049 quaestioni
1405 993 1457 1034 de
1490 993 1643 1047 priscis
1676 1006 1728 1033 ac

155 1067 335 1108 vetustis
373 1068 490 1123 apud
521 1068 770 1110 Terentium
800 1068 962 1121 formis,
1017 1084 1146 1124 quam
1178 1069 1238 1109 ita
1268 1068 1355 1109 iam
1382 1082 1528 1109 sumus
1560 1067 1728 1107 institu-

153 1142 250 1194 turi,
297 1148 343 1182 ut
388 1141 485 1183 illas
516 1142 679 1183 formas
711 1158 1007 1184 enumeremus
1041 1142 1251 1198 simulque
1284 1143 1327 1183 in
1358 1141 1618 1183 illustranda
1648 1140 1728 1181 Te-

153 1215 261 1255 renti
285 1215 500 1257 seribendi
522 1222 612 1257 arte
636 1216 979 1258 demonstremus
1001 1216 1070 1257 vel
1093 1217 1235 1271 potius
1258 1217 1539 1271 inquiramus,
1573 1214 1728 1269 quibus

154 1291 297 1331 causis
329 1297 549 1344 permotus
571 1297 701 1346 poeta
731 1291 814 1332 hoc
845 1291 974 1332 illove
1008 1291 1102 1332 loco
1126 1291 1311 1332 formam
1342 1298 1388 1332 ut
1410 1290 1536 1331 nobis
1558 1289 1731 1330 videtur

155 1364 397 1407 obsoletam
442 1365 687 1408 adhibuerit
720 1390 770 1394 —-
813 1381 914 1407 nam
944 1366 1195 1420 plerumque
1241 1381 1327 1407 non
1368 1366 1457 1406 sine
1490 1379 1623 1405 causa
1655 1378 1730 1405 eas

155 1438 375 1481 adhibitas
407 1455 515 1493 esse,
557 1455 611 1481 ex
634 1441 695 1481 eis
718 1455 828 1495 quae
861 1455 992 1496 supra.
1023 1441 1223 1493 diximus,
1257 1440 1343 1481 iam
1372 1453 1499 1492 nune,
1532 1439 1731 1494 quamvis

156 1512 349 1568 singulos
381 1515 574 1556 nondum
605 1516 995 1557 examinaverimus
1026 1515 1160 1567 lOCOS‚
1206 1529 1367 1568 magna
1397 1528 1495 1554 cum
1528 1512 1720 1568 probabi·

154 1587 274 1629 litate
307 1589 510 1630 concludi
541 1604 670 1644 posse
703 1590 886 1632 videtur.

294 1663 381 1704 Std
412 1663 498 1704 iam
531 1663 722 1718 singulas
744 1664 908 1705 formas
941 1663 1179 1705 secundum
1202 1663 1409 1704 orationis
1441 1668 1587 1716 partes
1619 1674 1731 1715 quae

155 1736 356 1778 dicuntur
388 1737 579 1790 digestas
611 1752 923 1780 enumeremus.

543 2154 809 2203 NOMINA
849 2153 1336 2203 SUBS'PANTIVA.

160 2288 183 2331 Ι.
220 2288 276 2331 De
311 2288 603 2334 declinatione
645 2302 729 2345 qua
761 2291 926 2346 stirpes
968 2291 1005 2334 in
1038 2302 1088 2335 -a
1129 2290 1384 2334 desinentes
1426 2288 1722 2334 continentur.

293 2403 360 2445 De
406 2405 626 2446 tritissimo
674 2407 872 2459 genetivo
911 2405 994 2448 Ad.
1044 2405 1146 2446 747:
1191 2404 1348 2446 ‘mater
1392 2401 1587 2446 familias'
1641 2418 1730 2445 non

156 2484 220 2519 est
252 2478 368 2533 quod
414 2479 538 2533 plura
582 2479 716 2522 verba
755 2480 927 2534 faciam,
970 2481 1108 2522 sciunt
1140 2482 1252 2522 enim
1283 2480 1396 2522 hanc
1427 2479 1612 2520 formam
1643 2479 1730 2519 iam

156 2554 273 2607 pueri
314 2553 382 2594 vel
421 2554 695 2595 mediocriter
740 2555 908 2596 eruditi.
968 2554 1090 2596 Alios
1132 2561 1275 2596 autem
1313 2555 1537 2610 genetivos
1580 2554 1622 2593 in
1662 2567 1732 2593 -as
1766 2605 1770 2610 ,

156 2642 209 2668 ne
241 2628 357 2682 apud
388 2628 587 2670 Plautum
619 2629 791 2684 quidem
823 2635 996 2671 exstare
1030 2630 1132 2670 olim
1164 2629 1446 2671 contenderat
1468 2625 1730 2669 Ritschelius

158 2701 280 2756 proll.
298 2716 336 2758 p.
352 2701 595 2756 CCCXIX3
621 2703 697 2744 sed
719 2703 818 2744 vide
833 2701 970 2745 ‘Neue
987 2703 1126 2745 Plaut.
1146 2700 1351 2744 Excurse'
1377 2718 1418 2757 p.
1447 2700 1525 2741 115
1547 2707 1587 2742 et
1611 2699 1727 2741 Gan—

158 2776 272 2829 diuo,
306 2776 429 2818 Studi
461 2778 504 2818 di
535 2778 692 2818 Latino
728 2778 870 2819 antico
900 2778 932 2818 Ι.
967 2778 1049 2819 Del
1072 2779 1260 2832 genitivo
1294 2784 1359 2817 —as
1393 2776 1461 2817 dei
1492 2775 1592 2816 temi
1625 2774 1729 2814 fem-

157 2850 293 2891 minili
334 2852 376 2892 in
416 2867 459 2891 -a
497 2851 611 2892 nella
652 2851 798 2907 lingua
837 2851 972 2893 latina
1010 2867 1032 2893 e
1065 2851 1372 2907 specialmente
1419 2849 1533 2891 nella
1579 2849 1730 2902 lingua

159 2924 201 2965 di
234 2924 401 2966 Plauto.
434 2925 594 2966 Torino
631 2925 752 2966 1877.
