<?xml version="1.0" encoding="UTF-8"?>
<!DOCTYPE html PUBLIC "-//W3C//DTD XHTML 1.0 Transitional//EN"
    "http://www.w3.org/TR/xhtml1/DTD/xhtml1-transitional.dtd">
<html xmlns="http://www.w3.org/1999/xhtml" xml:lang="en" lang="en">
 <head>
  <title>
</title>
<meta http-equiv="Content-Type" content="text/html;charset=utf-8" />
  <meta name='ocr-system' content='tesseract 3.04.00' />
  <meta name='ocr-capabilities' content='ocr_page ocr_carea ocr_par ocr_line ocrx_word'/>
</head>
<body>
  <div class='ocr_page' id='page_1' title='image "./studiaterentiana00engeuoft_0020.png"; bbox 0 0 2100 3364; ppageno 0'>
   <div class='ocr_carea' id='block_1_1' title="bbox 949 284 1229 324">
    <p class='ocr_par' dir='ltr' id='par_1_1' title="bbox 949 284 1229 324">
     <span class='ocr_line' id='line_1_1' title="bbox 949 284 1229 324; baseline 0 -1"><span class='ocrx_word' id='word_1_1' title='bbox 949 310 1001 314; x_wconf 85' lang='lat'>—</span> <span class='ocrx_word' id='word_1_2' title='bbox 1066 284 1229 324; x_wconf 80' lang='lat'>10—</span> 
     </span>
    </p>
   </div>
   <div class='ocr_carea' id='block_1_2' title="bbox 295 407 1874 2550">
    <p class='ocr_par' dir='ltr' id='par_1_2' title="bbox 300 407 1873 542">
     <span class='ocr_line' id='line_1_2' title="bbox 301 407 1873 457; baseline -0.006 0"><span class='ocrx_word' id='word_1_3' title='bbox 301 415 430 457; x_wconf 93' lang='lat' dir='ltr'>dubio</span> <span class='ocrx_word' id='word_1_4' title='bbox 466 415 595 456; x_wconf 81' lang='lat' dir='ltr'>etiam</span> <span class='ocrx_word' id='word_1_5' title='bbox 627 415 738 454; x_wconf 88' lang='lat' dir='ltr'>inter</span> <span class='ocrx_word' id='word_1_6' title='bbox 769 411 911 452; x_wconf 88' lang='lat' dir='ltr'>Plauti</span> <span class='ocrx_word' id='word_1_7' title='bbox 943 416 984 452; x_wconf 95' lang='lat' dir='ltr'>et</span> <span class='ocrx_word' id='word_1_8' title='bbox 1016 411 1191 451; x_wconf 81' lang='lat' dir='ltr'>Terenti</span> <span class='ocrx_word' id='word_1_9' title='bbox 1238 423 1479 451; x_wconf 87' lang='lat' dir='ltr'>sermonem</span> <span class='ocrx_word' id='word_1_10' title='bbox 1520 409 1757 449; x_wconf 79' lang='lat' dir='ltr'>maximum</span> <span class='ocrx_word' id='word_1_11' title='bbox 1789 407 1873 448; x_wconf 90' lang='lat' dir='ltr'>dis-</span> 
     </span>
     <span class='ocr_line' id='line_1_3' title="bbox 300 483 1219 542; baseline -0.007 -12"><span class='ocrx_word' id='word_1_12' title='bbox 300 490 460 531; x_wconf 79' lang='lat' dir='ltr'>crimen</span> <span class='ocrx_word' id='word_1_13' title='bbox 479 487 512 542; x_wconf 69' lang='lat'>7)</span> <span class='ocrx_word' id='word_1_14' title='bbox 545 489 753 528; x_wconf 88' lang='lat' dir='ltr'>interesse</span> <span class='ocrx_word' id='word_1_15' title='bbox 786 486 823 527; x_wconf 90' lang='lat' dir='ltr'>ei</span> <span class='ocrx_word' id='word_1_16' title='bbox 848 485 987 526; x_wconf 79' lang='lat' dir='ltr'>videri</span> <span class='ocrx_word' id='word_1_17' title='bbox 1019 483 1219 526; x_wconf 80' lang='lat' dir='ltr'>debebat.</span> 
     </span>
    </p>

    <p class='ocr_par' dir='ltr' id='par_1_3' title="bbox 295 556 1874 2463">
     <span class='ocr_line' id='line_1_4' title="bbox 435 556 1873 616; baseline -0.003 -14"><span class='ocrx_word' id='word_1_18' title='bbox 435 562 500 602; x_wconf 82' lang='lat' dir='ltr'>Ac</span> <span class='ocrx_word' id='word_1_19' title='bbox 533 561 681 616; x_wconf 83' lang='lat' dir='ltr'>quanti</span> <span class='ocrx_word' id='word_1_20' title='bbox 703 560 997 602; x_wconf 77' lang='lat' dir='ltr'>aestimaverit</span> <span class='ocrx_word' id='word_1_21' title='bbox 1021 558 1172 599; x_wconf 83' lang='lat' dir='ltr'>Cicero</span> <span class='ocrx_word' id='word_1_22' title='bbox 1194 558 1369 599; x_wconf 87' lang='lat' dir='ltr'>Terenti</span> <span class='ocrx_word' id='word_1_23' title='bbox 1399 571 1640 598; x_wconf 88' lang='lat' dir='ltr'>sermonem</span> <span class='ocrx_word' id='word_1_24' title='bbox 1659 556 1873 598; x_wconf 88' lang='lat' dir='ltr'>urbanum</span> 
     </span>
     <span class='ocr_line' id='line_1_5' title="bbox 302 629 1874 688; baseline -0.004 -11"><span class='ocrx_word' id='word_1_25' title='bbox 302 638 429 678; x_wconf 83' lang='lat' dir='ltr'>etiam</span> <span class='ocrx_word' id='word_1_26' title='bbox 454 635 588 677; x_wconf 86' lang='lat' dir='ltr'>altero</span> <span class='ocrx_word' id='word_1_27' title='bbox 610 650 678 676; x_wconf 91' lang='lat' dir='ltr'>me</span> <span class='ocrx_word' id='word_1_28' title='bbox 702 635 998 676; x_wconf 87' lang='lat' dir='ltr'>demonstrare</span> <span class='ocrx_word' id='word_1_29' title='bbox 1020 647 1149 688; x_wconf 89' lang='lat' dir='ltr'>posse</span> <span class='ocrx_word' id='word_1_30' title='bbox 1171 632 1266 673; x_wconf 89' lang='lat' dir='ltr'>loeo</span> <span class='ocrx_word' id='word_1_31' title='bbox 1291 637 1409 687; x_wconf 88' lang='lat' dir='ltr'>puto.</span> <span class='ocrx_word' id='word_1_32' title='bbox 1431 631 1604 672; x_wconf 85' lang='lat' dir='ltr'>Etenim</span> <span class='ocrx_word' id='word_1_33' title='bbox 1628 631 1673 672; x_wconf 85' lang='lat' dir='ltr'>in</span> <span class='ocrx_word' id='word_1_34' title='bbox 1690 629 1874 672; x_wconf 78' lang='lat' dir='ltr'>Oratore</span> 
     </span>
     <span class='ocr_line' id='line_1_6' title="bbox 301 701 1873 765; baseline -0.004 -14"><span class='ocrx_word' id='word_1_35' title='bbox 301 701 533 765; x_wconf 46' lang='lat'><strong>(41157)</strong></span> <span class='ocrx_word' id='word_1_36' title='bbox 577 710 629 751; x_wconf 88' lang='lat' dir='ltr'>de</span> <span class='ocrx_word' id='word_1_37' title='bbox 660 709 788 751; x_wconf 86' lang='lat' dir='ltr'>rebus</span> <span class='ocrx_word' id='word_1_38' title='bbox 828 708 1123 763; x_wconf 79' lang='lat' dir='ltr'>grammaticis</span> <span class='ocrx_word' id='word_1_39' title='bbox 1167 707 1394 761; x_wconf 89' lang='lat' dir='ltr'>disputans</span> <span class='ocrx_word' id='word_1_40' title='bbox 1434 712 1667 761; x_wconf 79' lang='lat' dir='ltr'>postquam</span> <span class='ocrx_word' id='word_1_41' title='bbox 1705 714 1873 746; x_wconf 76' lang='lat' dir='ltr'>veteres</span> 
     </span>
     <span class='ocr_line' id='line_1_7' title="bbox 302 780 1873 840; baseline -0.004 -14"><span class='ocrx_word' id='word_1_42' title='bbox 302 792 454 840; x_wconf 83' lang='lat' dir='ltr'>poetas</span> <span class='ocrx_word' id='word_1_43' title='bbox 498 784 763 839; x_wconf 74' lang='lat' dir='ltr'>perstrinxit,</span> <span class='ocrx_word' id='word_1_44' title='bbox 813 783 929 838; x_wconf 91' lang='lat' dir='ltr'>quod</span> <span class='ocrx_word' id='word_1_45' title='bbox 968 782 1171 823; x_wconf 80' lang='lat' dir='ltr'>inusitate</span> <span class='ocrx_word' id='word_1_46' title='bbox 1211 782 1255 822; x_wconf 89' lang='lat' dir='ltr'>in</span> <span class='ocrx_word' id='word_1_47' title='bbox 1286 781 1416 821; x_wconf 89' lang='lat' dir='ltr'>certis</span> <span class='ocrx_word' id='word_1_48' title='bbox 1448 780 1711 834; x_wconf 86' lang='lat' dir='ltr'>quibusdam</span> <span class='ocrx_word' id='word_1_49' title='bbox 1756 780 1873 820; x_wconf 81' lang='lat' dir='ltr'>voci-</span> 
     </span>
     <span class='ocr_line' id='line_1_8' title="bbox 297 853 1870 914; baseline -0.004 -14"><span class='ocrx_word' id='word_1_50' title='bbox 297 859 379 900; x_wconf 89' lang='lat' dir='ltr'>bus</span> <span class='ocrx_word' id='word_1_51' title='bbox 412 859 637 914; x_wconf 76' lang='lat' dir='ltr'>genetivos</span> <span class='ocrx_word' id='word_1_52' title='bbox 668 859 711 898; x_wconf 92' lang='lat' dir='ltr'>in</span> <span class='ocrx_word' id='word_1_53' title='bbox 733 872 823 898; x_wconf 90' lang='lat' dir='ltr'>—um</span> <span class='ocrx_word' id='word_1_54' title='bbox 845 871 921 911; x_wconf 90' lang='lat' dir='ltr'>pro</span> <span class='ocrx_word' id='word_1_55' title='bbox 947 871 1085 897; x_wconf 92' lang='lat' dir='ltr'>-orum</span> <span class='ocrx_word' id='word_1_56' title='bbox 1108 862 1315 896; x_wconf 79' lang='lat' dir='ltr'>exeuntes</span> <span class='ocrx_word' id='word_1_57' title='bbox 1348 853 1635 908; x_wconf 82' lang='lat' dir='ltr'>adhibuerint,</span> <span class='ocrx_word' id='word_1_58' title='bbox 1668 854 1870 895; x_wconf 81' lang='lat' dir='ltr'>Terentio</span> 
     </span>
     <span class='ocr_line' id='line_1_9' title="bbox 299 929 1874 989; baseline -0.003 -14"><span class='ocrx_word' id='word_1_59' title='bbox 299 934 422 989; x_wconf 80' lang='lat' dir='ltr'>quasi</span> <span class='ocrx_word' id='word_1_60' title='bbox 471 934 580 975; x_wconf 89' lang='lat' dir='ltr'>duce</span> <span class='ocrx_word' id='word_1_61' title='bbox 626 946 677 974; x_wconf 84' lang='lat' dir='ltr'>ac</span> <span class='ocrx_word' id='word_1_62' title='bbox 712 931 914 986; x_wconf 82' lang='lat' dir='ltr'>signifero</span> <span class='ocrx_word' id='word_1_63' title='bbox 963 932 1174 972; x_wconf 88' lang='lat' dir='ltr'>sermonis</span> <span class='ocrx_word' id='word_1_64' title='bbox 1222 931 1317 985; x_wconf 89' lang='lat' dir='ltr'>puri</span> <span class='ocrx_word' id='word_1_65' title='bbox 1369 936 1411 971; x_wconf 91' lang='lat' dir='ltr'>et</span> <span class='ocrx_word' id='word_1_66' title='bbox 1456 929 1620 981; x_wconf 66' lang='lat' dir='ltr'>latiniss&gt;</span> <span class='ocrx_word' id='word_1_67' title='bbox 1667 930 1802 971; x_wconf 87' lang='lat' dir='ltr'>utitur</span> <span class='ocrx_word' id='word_1_68' title='bbox 1833 936 1874 970; x_wconf 91' lang='lat' dir='ltr'>et</span> 
     </span>
     <span class='ocr_line' id='line_1_10' title="bbox 299 1002 1873 1060; baseline -0.003 -11"><span class='ocrx_word' id='word_1_69' title='bbox 299 1009 508 1050; x_wconf 89' lang='lat' dir='ltr'>sermonis</span> <span class='ocrx_word' id='word_1_70' title='bbox 540 1022 666 1049; x_wconf 89' lang='lat' dir='ltr'>usum</span> <span class='ocrx_word' id='word_1_71' title='bbox 688 1007 861 1048; x_wconf 86' lang='lat' dir='ltr'>Terenti</span> <span class='ocrx_word' id='word_1_72' title='bbox 895 1006 1155 1047; x_wconf 85' lang='lat' dir='ltr'>auctoritate</span> <span class='ocrx_word' id='word_1_73' title='bbox 1188 1004 1501 1060; x_wconf 82' lang='lat' dir='ltr'>comprobasse</span> <span class='ocrx_word' id='word_1_74' title='bbox 1534 1005 1638 1045; x_wconf 83' lang='lat' dir='ltr'>satis</span> <span class='ocrx_word' id='word_1_75' title='bbox 1660 1002 1804 1057; x_wconf 89' lang='lat' dir='ltr'>habet,</span> <span class='ocrx_word' id='word_1_76' title='bbox 1829 1004 1873 1044; x_wconf 93' lang='lat' dir='ltr'>id</span> 
     </span>
     <span class='ocr_line' id='line_1_11' title="bbox 298 1078 1873 1137; baseline -0.003 -14"><span class='ocrx_word' id='word_1_77' title='bbox 298 1082 415 1137; x_wconf 86' lang='lat' dir='ltr'>quod</span> <span class='ocrx_word' id='word_1_78' title='bbox 445 1081 512 1122; x_wconf 92' lang='lat' dir='ltr'>his</span> <span class='ocrx_word' id='word_1_79' title='bbox 543 1081 688 1123; x_wconf 76' lang='lat' dir='ltr'>verbis</span> <span class='ocrx_word' id='word_1_80' title='bbox 720 1087 923 1136; x_wconf 88' lang='lat' dir='ltr'>apparet:</span> <span class='ocrx_word' id='word_1_81' title='bbox 951 1078 1094 1136; x_wconf 79' lang='lat' dir='ltr'>‘quasi</span> <span class='ocrx_word' id='word_1_82' title='bbox 1125 1094 1228 1121; x_wconf 77' lang='lat' dir='ltr'>vero</span> <span class='ocrx_word' id='word_1_83' title='bbox 1262 1079 1505 1121; x_wconf 81' lang='lat' dir='ltr'>nesciamus</span> <span class='ocrx_word' id='word_1_84' title='bbox 1538 1079 1583 1119; x_wconf 90' lang='lat' dir='ltr'>in</span> <span class='ocrx_word' id='word_1_85' title='bbox 1613 1078 1694 1120; x_wconf 93' lang='lat' dir='ltr'>hoc</span> <span class='ocrx_word' id='word_1_86' title='bbox 1717 1092 1873 1133; x_wconf 86' lang='lat' dir='ltr'>genere</span> 
     </span>
     <span class='ocr_line' id='line_1_12' title="bbox 304 1153 1874 1209; baseline -0.002 -12"><span class='ocrx_word' id='word_1_87' title='bbox 304 1156 412 1207; x_wconf 90' lang='lat' dir='ltr'>(scil.</span> <span class='ocrx_word' id='word_1_88' title='bbox 445 1158 633 1209; x_wconf 78' lang='lat' dir='ltr'>novisse,</span> <span class='ocrx_word' id='word_1_89' title='bbox 680 1170 808 1197; x_wconf 86' lang='lat' dir='ltr'>nosse</span> <span class='ocrx_word' id='word_1_90' title='bbox 841 1161 883 1196; x_wconf 88' lang='lat' dir='ltr'>et</span> <span class='ocrx_word' id='word_1_91' title='bbox 915 1156 1025 1207; x_wconf 87' lang='lat' dir='ltr'>sim.)</span> <span class='ocrx_word' id='word_1_92' title='bbox 1071 1161 1112 1196; x_wconf 91' lang='lat' dir='ltr'>et</span> <span class='ocrx_word' id='word_1_93' title='bbox 1144 1154 1317 1209; x_wconf 85' lang='lat' dir='ltr'>plenum</span> <span class='ocrx_word' id='word_1_94' title='bbox 1348 1153 1528 1195; x_wconf 79' lang='lat' dir='ltr'>verbum</span> <span class='ocrx_word' id='word_1_95' title='bbox 1565 1159 1682 1194; x_wconf 88' lang='lat' dir='ltr'>recte</span> <span class='ocrx_word' id='word_1_96' title='bbox 1715 1153 1799 1194; x_wconf 88' lang='lat' dir='ltr'>dici</span> <span class='ocrx_word' id='word_1_97' title='bbox 1832 1160 1874 1194; x_wconf 91' lang='lat' dir='ltr'>et</span> 
     </span>
     <span class='ocr_line' id='line_1_13' title="bbox 300 1225 1870 1285; baseline -0.003 -13"><span class='ocrx_word' id='word_1_98' title='bbox 300 1231 573 1272; x_wconf 90' lang='lat' dir='ltr'>imminutum</span> <span class='ocrx_word' id='word_1_99' title='bbox 595 1231 766 1271; x_wconf 85' lang='lat' dir='ltr'>usitate.</span> <span class='ocrx_word' id='word_1_100' title='bbox 800 1230 993 1285; x_wconf 81' lang='lat' dir='ltr'>Itaque</span> <span class='ocrx_word' id='word_1_101' title='bbox 1014 1236 1274 1283; x_wconf 90' lang='lat' dir='ltr'>utrumqu</span> <span class='ocrx_word' id='word_1_102' title='bbox 1289 1244 1310 1269; x_wconf 92' lang='lat' dir='ltr'>e</span> <span class='ocrx_word' id='word_1_103' title='bbox 1332 1228 1595 1270; x_wconf 89' lang='lat' dir='ltr'>Terentiu</span> <span class='ocrx_word' id='word_1_104' title='bbox 1607 1225 1635 1269; x_wconf 78' lang='lat' dir='ltr'>s⁷</span> <span class='ocrx_word' id='word_1_105' title='bbox 1662 1234 1704 1269; x_wconf 90' lang='lat' dir='ltr'>et</span> <span class='ocrx_word' id='word_1_106' title='bbox 1726 1227 1870 1281; x_wconf 86' lang='lat' dir='ltr'>paullo</span> 
     </span>
     <span class='ocr_line' id='line_1_14' title="bbox 296 1299 1870 1360; baseline -0.003 -14"><span class='ocrx_word' id='word_1_107' title='bbox 296 1312 416 1360; x_wconf 87' lang='lat' dir='ltr'>post:</span> <span class='ocrx_word' id='word_1_108' title='bbox 459 1302 559 1345; x_wconf 71' lang='lat' dir='ltr'>‘siet</span> <span class='ocrx_word' id='word_1_109' title='bbox 599 1304 774 1358; x_wconf 87' lang='lat' dir='ltr'>plenum</span> <span class='ocrx_word' id='word_1_110' title='bbox 807 1311 884 1356; x_wconf 89' lang='lat' dir='ltr'>est,</span> <span class='ocrx_word' id='word_1_111' title='bbox 934 1304 987 1344; x_wconf 90' lang='lat' dir='ltr'>sit</span> <span class='ocrx_word' id='word_1_112' title='bbox 1018 1304 1313 1344; x_wconf 87' lang='lat' dir='ltr'>imminutum:</span> <span class='ocrx_word' id='word_1_113' title='bbox 1361 1302 1463 1343; x_wconf 90' lang='lat' dir='ltr'>licet</span> <span class='ocrx_word' id='word_1_114' title='bbox 1493 1309 1616 1343; x_wconf 86' lang='lat' dir='ltr'>utare</span> <span class='ocrx_word' id='word_1_115' title='bbox 1661 1299 1870 1357; x_wconf 72' lang='lat' dir='ltr'>utroque‘,</span> 
     </span>
     <span class='ocr_line' id='line_1_15' title="bbox 298 1375 1872 1435; baseline -0.003 -14"><span class='ocrx_word' id='word_1_116' title='bbox 298 1380 414 1435; x_wconf 79' lang='lat' dir='ltr'>quod</span> <span class='ocrx_word' id='word_1_117' title='bbox 461 1378 660 1433; x_wconf 83' lang='lat' dir='ltr'>exemplo</span> <span class='ocrx_word' id='word_1_118' title='bbox 703 1378 963 1419; x_wconf 84' lang='lat' dir='ltr'>Terentiano</span> <span class='ocrx_word' id='word_1_119' title='bbox 1013 1378 1154 1419; x_wconf 90' lang='lat' dir='ltr'>denuo</span> <span class='ocrx_word' id='word_1_120' title='bbox 1203 1376 1460 1432; x_wconf 85' lang='lat' dir='ltr'>comprobat</span> <span class='ocrx_word' id='word_1_121' title='bbox 1493 1375 1659 1418; x_wconf 86' lang='lat' dir='ltr'>Cicero.</span> <span class='ocrx_word' id='word_1_122' title='bbox 1720 1376 1872 1431; x_wconf 86' lang='lat' dir='ltr'>Itaque</span> 
     </span>
     <span class='ocr_line' id='line_1_16' title="bbox 298 1449 1872 1506; baseline -0.003 -10"><span class='ocrx_word' id='word_1_123' title='bbox 298 1457 428 1496; x_wconf 86' lang='lat' dir='ltr'>etiam</span> <span class='ocrx_word' id='word_1_124' title='bbox 460 1454 581 1495; x_wconf 85' lang='lat' dir='ltr'>Brut.</span> <span class='ocrx_word' id='word_1_125' title='bbox 606 1452 671 1505; x_wconf 77' lang='lat'>74,</span> <span class='ocrx_word' id='word_1_126' title='bbox 705 1453 788 1494; x_wconf 72' lang='grc'>258</span> <span class='ocrx_word' id='word_1_127' title='bbox 819 1453 1070 1494; x_wconf 89' lang='lat' dir='ltr'>Terentium</span> <span class='ocrx_word' id='word_1_128' title='bbox 1102 1454 1144 1493; x_wconf 91' lang='lat' dir='ltr'>in</span> <span class='ocrx_word' id='word_1_129' title='bbox 1168 1452 1317 1506; x_wconf 89' lang='lat' dir='ltr'>primis</span> <span class='ocrx_word' id='word_1_130' title='bbox 1348 1451 1594 1506; x_wconf 76' lang='lat' dir='ltr'>respexisse</span> <span class='ocrx_word' id='word_1_131' title='bbox 1619 1449 1872 1492; x_wconf 85' lang='lat' dir='ltr'>Ciceronem</span> 
     </span>
     <span class='ocr_line' id='line_1_17' title="bbox 296 1525 1872 1581; baseline -0.003 -11"><span class='ocrx_word' id='word_1_132' title='bbox 296 1530 532 1571; x_wconf 89' lang='lat' dir='ltr'>dicentem:</span> <span class='ocrx_word' id='word_1_133' title='bbox 575 1526 716 1569; x_wconf 72' lang='lat' dir='ltr'>&#39;&#39;euius</span> <span class='ocrx_word' id='word_1_134' title='bbox 765 1528 843 1581; x_wconf 83' lang='lat' dir='ltr'>(sc.</span> <span class='ocrx_word' id='word_1_135' title='bbox 874 1527 1107 1568; x_wconf 90' lang='lat' dir='ltr'>locutionis</span> <span class='ocrx_word' id='word_1_136' title='bbox 1150 1526 1405 1568; x_wconf 78' lang='lat' dir='ltr'>emendatae</span> <span class='ocrx_word' id='word_1_137' title='bbox 1445 1532 1487 1566; x_wconf 91' lang='lat' dir='ltr'>et</span> <span class='ocrx_word' id='word_1_138' title='bbox 1517 1525 1696 1576; x_wconf 80' lang='lat' dir='ltr'>latinae)</span> <span class='ocrx_word' id='word_1_139' title='bbox 1739 1540 1872 1580; x_wconf 90' lang='lat' dir='ltr'>penes</span> 
     </span>
     <span class='ocr_line' id='line_1_18' title="bbox 304 1599 1870 1659; baseline -0.003 -15"><span class='ocrx_word' id='word_1_140' title='bbox 304 1618 411 1659; x_wconf 90' lang='lat' dir='ltr'>quos</span> <span class='ocrx_word' id='word_1_141' title='bbox 433 1602 529 1644; x_wconf 89' lang='lat' dir='ltr'>laus</span> <span class='ocrx_word' id='word_1_142' title='bbox 562 1602 705 1643; x_wconf 82' lang='lat' dir='ltr'>adhuc</span> <span class='ocrx_word' id='word_1_143' title='bbox 735 1601 829 1654; x_wconf 87' lang='lat' dir='ltr'>fuit,</span> <span class='ocrx_word' id='word_1_144' title='bbox 861 1616 950 1642; x_wconf 88' lang='lat' dir='ltr'>non</span> <span class='ocrx_word' id='word_1_145' title='bbox 970 1601 1052 1642; x_wconf 85' lang='lat' dir='ltr'>fuit</span> <span class='ocrx_word' id='word_1_146' title='bbox 1082 1600 1264 1642; x_wconf 85' lang='lat' dir='ltr'>rationis</span> <span class='ocrx_word' id='word_1_147' title='bbox 1291 1606 1366 1641; x_wconf 92' lang='lat' dir='ltr'>aut</span> <span class='ocrx_word' id='word_1_148' title='bbox 1398 1600 1616 1651; x_wconf 80' lang='lat' dir='ltr'>scientiae,</span> <span class='ocrx_word' id='word_1_149' title='bbox 1650 1599 1727 1640; x_wconf 86' lang='lat' dir='ltr'>sed</span> <span class='ocrx_word' id='word_1_150' title='bbox 1750 1600 1870 1651; x_wconf 75' lang='lat' dir='ltr'>quasi</span> 
     </span>
     <span class='ocr_line' id='line_1_19' title="bbox 296 1672 1872 1728; baseline -0.003 -9"><span class='ocrx_word' id='word_1_151' title='bbox 296 1677 439 1719; x_wconf 90' lang='lat' dir='ltr'>bonae</span> <span class='ocrx_word' id='word_1_152' title='bbox 471 1676 811 1718; x_wconf 87' lang='lat' dir='ltr'>consuetudinis.</span> <span class='ocrx_word' id='word_1_153' title='bbox 844 1675 970 1716; x_wconf 90' lang='lat' dir='ltr'>Mitto</span> <span class='ocrx_word' id='word_1_154' title='bbox 994 1674 1041 1716; x_wconf 81' lang='lat' dir='ltr'>C.</span> <span class='ocrx_word' id='word_1_155' title='bbox 1067 1674 1264 1716; x_wconf 87' lang='lat' dir='ltr'>Laelium</span> <span class='ocrx_word' id='word_1_156' title='bbox 1284 1675 1332 1715; x_wconf 90' lang='lat' dir='ltr'>P.</span> <span class='ocrx_word' id='word_1_157' title='bbox 1357 1673 1621 1728; x_wconf 80' lang='lat' dir='ltr'>Scipionem.</span> <span class='ocrx_word' id='word_1_158' title='bbox 1653 1672 1872 1715; x_wconf 84' lang='lat' dir='ltr'>Aetatis</span> 
     </span>
     <span class='ocr_line' id='line_1_20' title="bbox 297 1748 1872 1805; baseline -0.003 -12"><span class='ocrx_word' id='word_1_159' title='bbox 297 1751 455 1793; x_wconf 89' lang='lat' dir='ltr'>illius</span> <span class='ocrx_word' id='word_1_160' title='bbox 478 1752 588 1792; x_wconf 88' lang='lat' dir='ltr'>ista</span> <span class='ocrx_word' id='word_1_161' title='bbox 618 1749 864 1792; x_wconf 88' lang='lat' dir='ltr'>fuitlaus</span> <span class='ocrx_word' id='word_1_162' title='bbox 896 1757 1169 1805; x_wconf 85' lang='lat' dir='ltr'>tamquam</span> <span class='ocrx_word' id='word_1_163' title='bbox 1202 1750 1555 1791; x_wconf 85' lang='lat' dir='ltr'>innocentiae</span> <span class='ocrx_word' id='word_1_164' title='bbox 1590 1749 1667 1790; x_wconf 88' lang='lat' dir='ltr'>sic</span> <span class='ocrx_word' id='word_1_165' title='bbox 1698 1748 1872 1790; x_wconf 87' lang='lat' dir='ltr'>latine</span> 
     </span>
     <span class='ocr_line' id='line_1_21' title="bbox 302 1822 1870 1880; baseline -0.003 -13"><span class='ocrx_word' id='word_1_166' title='bbox 302 1826 588 1880; x_wconf 88' lang='lat' dir='ltr'>loquendi:</span> <span class='ocrx_word' id='word_1_167' title='bbox 622 1840 718 1866; x_wconf 92' lang='lat' dir='ltr'>nec</span> <span class='ocrx_word' id='word_1_168' title='bbox 742 1826 974 1866; x_wconf 90' lang='lat' dir='ltr'>omnium</span> <span class='ocrx_word' id='word_1_169' title='bbox 995 1831 1196 1878; x_wconf 88' lang='lat' dir='ltr'>tamen,</span> <span class='ocrx_word' id='word_1_170' title='bbox 1220 1840 1337 1866; x_wconf 84' lang='lat' dir='ltr'>nam</span> <span class='ocrx_word' id='word_1_171' title='bbox 1359 1823 1583 1866; x_wconf 88' lang='lat' dir='ltr'>illorum</span> <span class='ocrx_word' id='word_1_172' title='bbox 1606 1822 1870 1879; x_wconf 87' lang='lat' dir='ltr'>aequales</span> 
     </span>
     <span class='ocr_line' id='line_1_22' title="bbox 299 1895 1870 1951; baseline -0.002 -10"><span class='ocrx_word' id='word_1_173' title='bbox 299 1899 603 1941; x_wconf 84' lang='lat' dir='ltr'>Caecilium</span> <span class='ocrx_word' id='word_1_174' title='bbox 636 1906 686 1941; x_wconf 91' lang='lat' dir='ltr'>et</span> <span class='ocrx_word' id='word_1_175' title='bbox 706 1900 1002 1940; x_wconf 76' lang='lat' dir='ltr'>Pacuvium</span> <span class='ocrx_word' id='word_1_176' title='bbox 1033 1899 1171 1940; x_wconf 88' lang='lat' dir='ltr'>male</span> <span class='ocrx_word' id='word_1_177' title='bbox 1203 1899 1427 1940; x_wconf 87' lang='lat' dir='ltr'>locutos</span> <span class='ocrx_word' id='word_1_178' title='bbox 1458 1895 1734 1951; x_wconf 73' lang='lat' dir='ltr'>videmus&#39;,</span> <span class='ocrx_word' id='word_1_179' title='bbox 1767 1897 1870 1938; x_wconf 87' lang='lat' dir='ltr'>mihi</span> 
     </span>
     <span class='ocr_line' id='line_1_23' title="bbox 298 1973 1871 2028; baseline -0.002 -12"><span class='ocrx_word' id='word_1_180' title='bbox 298 1981 461 2017; x_wconf 88' lang='lat' dir='ltr'>certum</span> <span class='ocrx_word' id='word_1_181' title='bbox 494 1980 571 2015; x_wconf 84' lang='lat' dir='ltr'>est.</span> <span class='ocrx_word' id='word_1_182' title='bbox 605 1973 758 2028; x_wconf 85' lang='lat' dir='ltr'>Itaque</span> <span class='ocrx_word' id='word_1_183' title='bbox 790 1973 945 2014; x_wconf 82' lang='lat' dir='ltr'>vellem</span> <span class='ocrx_word' id='word_1_184' title='bbox 977 1973 1061 2014; x_wconf 89' lang='lat' dir='ltr'>alio</span> <span class='ocrx_word' id='word_1_185' title='bbox 1096 1980 1349 2028; x_wconf 83' lang='lat' dir='ltr'>argumento</span> <span class='ocrx_word' id='word_1_186' title='bbox 1389 1988 1492 2014; x_wconf 90' lang='lat' dir='ltr'>usus</span> <span class='ocrx_word' id='word_1_187' title='bbox 1532 1979 1646 2014; x_wconf 88' lang='lat' dir='ltr'>esset</span> <span class='ocrx_word' id='word_1_188' title='bbox 1676 1973 1747 2013; x_wconf 88' lang='lat' dir='ltr'>Fr.</span> <span class='ocrx_word' id='word_1_189' title='bbox 1781 1973 1871 2013; x_wconf 88' lang='lat' dir='ltr'>Leo</span> 
     </span>
     <span class='ocr_line' id='line_1_24' title="bbox 296 2045 1870 2104; baseline -0.003 -13"><span class='ocrx_word' id='word_1_190' title='bbox 296 2050 323 2091; x_wconf 92' lang='lat' dir='ltr'>l.</span> <span class='ocrx_word' id='word_1_191' title='bbox 357 2064 393 2090; x_wconf 90' lang='lat' dir='ltr'>c.</span> <span class='ocrx_word' id='word_1_192' title='bbox 438 2064 479 2104; x_wconf 92' lang='lat' dir='ltr'>p.</span> <span class='ocrx_word' id='word_1_193' title='bbox 516 2048 580 2101; x_wconf 82' lang='lat'>11,</span> <span class='ocrx_word' id='word_1_194' title='bbox 629 2063 712 2103; x_wconf 87' lang='lat' dir='ltr'>quo</span> <span class='ocrx_word' id='word_1_195' title='bbox 756 2045 1010 2103; x_wconf 50' lang='lat' dir='ltr'>³earumpse&#39;</span> <span class='ocrx_word' id='word_1_196' title='bbox 1047 2048 1295 2089; x_wconf 90' lang='lat' dir='ltr'>Terentium</span> <span class='ocrx_word' id='word_1_197' title='bbox 1344 2048 1507 2089; x_wconf 83' lang='lat' dir='ltr'>dixisse</span> <span class='ocrx_word' id='word_1_198' title='bbox 1554 2046 1870 2103; x_wconf 87' lang='lat' dir='ltr'>comprobaret,</span> 
     </span>
     <span class='ocr_line' id='line_1_25' title="bbox 297 2120 1872 2179; baseline -0.003 -14"><span class='ocrx_word' id='word_1_199' title='bbox 297 2131 426 2179; x_wconf 86' lang='lat' dir='ltr'>atque</span> <span class='ocrx_word' id='word_1_200' title='bbox 458 2123 563 2165; x_wconf 91' lang='lat' dir='ltr'>hoc:</span> <span class='ocrx_word' id='word_1_201' title='bbox 605 2120 873 2164; x_wconf 63' lang='lat' dir='ltr'>&#39;Terentium</span> <span class='ocrx_word' id='word_1_202' title='bbox 919 2122 985 2163; x_wconf 89' lang='lat' dir='ltr'>his</span> <span class='ocrx_word' id='word_1_203' title='bbox 1031 2122 1185 2164; x_wconf 85' lang='lat' dir='ltr'>formis</span> <span class='ocrx_word' id='word_1_204' title='bbox 1234 2123 1426 2164; x_wconf 89' lang='lat' dir='ltr'>nondum</span> <span class='ocrx_word' id='word_1_205' title='bbox 1473 2121 1747 2173; x_wconf 82' lang='lat' dir='ltr'>abstinuisse,</span> <span class='ocrx_word' id='word_1_206' title='bbox 1797 2121 1872 2162; x_wconf 89' lang='lat' dir='ltr'>sed</span> 
     </span>
     <span class='ocr_line' id='line_1_26' title="bbox 296 2196 1871 2252; baseline -0.003 -13"><span class='ocrx_word' id='word_1_207' title='bbox 296 2199 679 2252; x_wconf 80' lang='lat' dir='ltr'>grammaticorum</span> <span class='ocrx_word' id='word_1_208' title='bbox 725 2212 857 2252; x_wconf 88' lang='lat' dir='ltr'>opera</span> <span class='ocrx_word' id='word_1_209' title='bbox 890 2203 931 2238; x_wconf 89' lang='lat' dir='ltr'>et</span> <span class='ocrx_word' id='word_1_210' title='bbox 961 2196 1237 2238; x_wconf 86' lang='lat' dir='ltr'>librariorum</span> <span class='ocrx_word' id='word_1_211' title='bbox 1283 2197 1445 2237; x_wconf 87' lang='lat' dir='ltr'>factum</span> <span class='ocrx_word' id='word_1_212' title='bbox 1478 2211 1586 2249; x_wconf 90' lang='lat' dir='ltr'>esse,</span> <span class='ocrx_word' id='word_1_213' title='bbox 1618 2205 1664 2237; x_wconf 90' lang='lat' dir='ltr'>ut</span> <span class='ocrx_word' id='word_1_214' title='bbox 1696 2196 1871 2237; x_wconf 90' lang='lat' dir='ltr'>codices</span> 
     </span>
     <span class='ocr_line' id='line_1_27' title="bbox 296 2268 1869 2327; baseline -0.001 -14"><span class='ocrx_word' id='word_1_215' title='bbox 296 2272 545 2314; x_wconf 89' lang='lat' dir='ltr'>Terentiani</span> <span class='ocrx_word' id='word_1_216' title='bbox 578 2273 639 2314; x_wconf 90' lang='lat' dir='ltr'>eis</span> <span class='ocrx_word' id='word_1_217' title='bbox 671 2279 861 2326; x_wconf 84' lang='lat' dir='ltr'>careant,</span> <span class='ocrx_word' id='word_1_218' title='bbox 895 2279 936 2313; x_wconf 90' lang='lat' dir='ltr'>et</span> <span class='ocrx_word' id='word_1_219' title='bbox 960 2271 1137 2314; x_wconf 81' lang='lat' dir='ltr'>Caecilii</span> <span class='ocrx_word' id='word_1_220' title='bbox 1171 2279 1212 2313; x_wconf 94' lang='lat' dir='ltr'>et</span> <span class='ocrx_word' id='word_1_221' title='bbox 1233 2272 1412 2313; x_wconf 81' lang='lat' dir='ltr'>Pacuvii</span> <span class='ocrx_word' id='word_1_222' title='bbox 1443 2271 1690 2327; x_wconf 83' lang='lat' dir='ltr'>exemplum</span> <span class='ocrx_word' id='word_1_223' title='bbox 1732 2268 1869 2312; x_wconf 65' lang='lat' dir='ltr'>docet,</span> 
     </span>
     <span class='ocr_line' id='line_1_28' title="bbox 295 2345 1870 2402; baseline 0 -15"><span class='ocrx_word' id='word_1_224' title='bbox 295 2347 466 2387; x_wconf 88' lang='lat' dir='ltr'>Etenim</span> <span class='ocrx_word' id='word_1_225' title='bbox 499 2347 615 2402; x_wconf 90' lang='lat' dir='ltr'>quod</span> <span class='ocrx_word' id='word_1_226' title='bbox 648 2345 837 2388; x_wconf 84' lang='lat' dir='ltr'>Caecilio</span> <span class='ocrx_word' id='word_1_227' title='bbox 872 2347 1152 2402; x_wconf 84' lang='lat' dir='ltr'>Pacuvioque</span> <span class='ocrx_word' id='word_1_228' title='bbox 1199 2346 1331 2399; x_wconf 90' lang='lat' dir='ltr'>licuit,</span> <span class='ocrx_word' id='word_1_229' title='bbox 1378 2360 1464 2387; x_wconf 91' lang='lat' dir='ltr'>non</span> <span class='ocrx_word' id='word_1_230' title='bbox 1510 2345 1612 2387; x_wconf 88' lang='lat' dir='ltr'>item</span> <span class='ocrx_word' id='word_1_231' title='bbox 1658 2345 1739 2387; x_wconf 90' lang='lat' dir='ltr'>sibi</span> <span class='ocrx_word' id='word_1_232' title='bbox 1771 2360 1870 2387; x_wconf 92' lang='lat' dir='ltr'>con-</span> 
     </span>
     <span class='ocr_line' id='line_1_29' title="bbox 296 2419 1391 2463; baseline -0.001 -1"><span class='ocrx_word' id='word_1_233' title='bbox 296 2422 484 2463; x_wconf 86' lang='lat' dir='ltr'>donasse</span> <span class='ocrx_word' id='word_1_234' title='bbox 517 2420 767 2462; x_wconf 84' lang='lat' dir='ltr'>Terentium</span> <span class='ocrx_word' id='word_1_235' title='bbox 799 2419 1022 2463; x_wconf 83' lang='lat' dir='ltr'>Ciceronis</span> <span class='ocrx_word' id='word_1_236' title='bbox 1054 2419 1189 2462; x_wconf 76' lang='lat' dir='ltr'>verba</span> <span class='ocrx_word' id='word_1_237' title='bbox 1221 2421 1391 2462; x_wconf 87' lang='lat' dir='ltr'>docent.</span> 
     </span>
    </p>

    <p class='ocr_par' dir='ltr' id='par_1_4' title="bbox 433 2494 1867 2550">
     <span class='ocr_line' id='line_1_30' title="bbox 433 2494 1867 2550; baseline -0.001 -15"><span class='ocrx_word' id='word_1_238' title='bbox 433 2495 548 2547; x_wconf 76' lang='lat' dir='ltr'>Quid</span> <span class='ocrx_word' id='word_1_239' title='bbox 571 2496 701 2549; x_wconf 83' lang='lat' dir='ltr'>igitur</span> <span class='ocrx_word' id='word_1_240' title='bbox 722 2496 889 2549; x_wconf 87' lang='lat' dir='ltr'>mirum,</span> <span class='ocrx_word' id='word_1_241' title='bbox 924 2496 959 2536; x_wconf 91' lang='lat' dir='ltr'>si</span> <span class='ocrx_word' id='word_1_242' title='bbox 981 2495 1231 2536; x_wconf 87' lang='lat' dir='ltr'>Terentium</span> <span class='ocrx_word' id='word_1_243' title='bbox 1254 2509 1384 2535; x_wconf 77' lang='lat' dir='ltr'>voces</span> <span class='ocrx_word' id='word_1_244' title='bbox 1417 2495 1601 2536; x_wconf 84' lang='lat' dir='ltr'>rusticas</span> <span class='ocrx_word' id='word_1_245' title='bbox 1624 2500 1666 2535; x_wconf 87' lang='lat' dir='ltr'>et</span> <span class='ocrx_word' id='word_1_246' title='bbox 1687 2494 1867 2550; x_wconf 84' lang='lat' dir='ltr'>priscas,</span> 
     </span>
    </p>
   </div>
   <div class='ocr_carea' id='block_1_3' title="bbox 295 2653 1868 2923">
    <p class='ocr_par' dir='ltr' id='par_1_5' title="bbox 295 2653 1868 2923">
     <span class='ocr_line' id='line_1_31' title="bbox 434 2653 1868 2696; baseline -0.001 -11"><span class='ocrx_word' id='word_1_247' title='bbox 434 2654 458 2696; x_wconf 74' lang='lat'>⁷)</span> <span class='ocrx_word' id='word_1_248' title='bbox 485 2654 551 2688; x_wconf 80' lang='lat' dir='ltr'>Off.</span> <span class='ocrx_word' id='word_1_249' title='bbox 569 2654 585 2685; x_wconf 96' lang='grc' dir='ltr'>Ι</span> <span class='ocrx_word' id='word_1_250' title='bbox 604 2656 656 2695; x_wconf 76' lang='lat'>⁵29,</span> <span class='ocrx_word' id='word_1_251' title='bbox 683 2655 748 2685; x_wconf 77' lang='lat'>104</span> <span class='ocrx_word' id='word_1_252' title='bbox 767 2654 891 2686; x_wconf 84' lang='lat' dir='ltr'>Cicero</span> <span class='ocrx_word' id='word_1_253' title='bbox 919 2655 961 2686; x_wconf 88' lang='lat' dir='ltr'>de</span> <span class='ocrx_word' id='word_1_254' title='bbox 975 2655 1096 2686; x_wconf 86' lang='lat' dir='ltr'>Plauti</span> <span class='ocrx_word' id='word_1_255' title='bbox 1121 2655 1263 2686; x_wconf 86' lang='lat' dir='ltr'>iocandi</span> <span class='ocrx_word' id='word_1_256' title='bbox 1277 2654 1361 2686; x_wconf 87' lang='lat' dir='ltr'>(non</span> <span class='ocrx_word' id='word_1_257' title='bbox 1382 2654 1535 2696; x_wconf 87' lang='lat' dir='ltr'>dicendi)</span> <span class='ocrx_word' id='word_1_258' title='bbox 1553 2664 1682 2695; x_wconf 78' lang='lat' dir='ltr'>genere</span> <span class='ocrx_word' id='word_1_259' title='bbox 1701 2653 1868 2694; x_wconf 82' lang='lat' dir='ltr'>eleganti,</span> 
     </span>
     <span class='ocr_line' id='line_1_32' title="bbox 295 2706 1867 2753; baseline 0.001 -14"><span class='ocrx_word' id='word_1_260' title='bbox 295 2711 440 2750; x_wconf 77' lang='lat' dir='ltr'>urbano,</span> <span class='ocrx_word' id='word_1_261' title='bbox 474 2712 670 2753; x_wconf 75' lang='lat' dir='ltr'>ingenioso,</span> <span class='ocrx_word' id='word_1_262' title='bbox 705 2711 820 2743; x_wconf 81' lang='lat' dir='ltr'>faceto</span> <span class='ocrx_word' id='word_1_263' title='bbox 845 2712 957 2743; x_wconf 75' lang='lat' dir='ltr'>verba</span> <span class='ocrx_word' id='word_1_264' title='bbox 982 2712 1078 2745; x_wconf 82' lang='lat' dir='ltr'>facit.</span> <span class='ocrx_word' id='word_1_265' title='bbox 1104 2712 1150 2743; x_wconf 80' lang='lat' dir='ltr'>At</span> <span class='ocrx_word' id='word_1_266' title='bbox 1175 2711 1218 2746; x_wconf 85' lang='lat' dir='ltr'>cf.</span> <span class='ocrx_word' id='word_1_267' title='bbox 1253 2711 1296 2743; x_wconf 88' lang='lat' dir='ltr'>de</span> <span class='ocrx_word' id='word_1_268' title='bbox 1323 2715 1410 2744; x_wconf 61' lang='lat' dir='ltr'>ont.</span> <span class='ocrx_word' id='word_1_269' title='bbox 1437 2711 1491 2742; x_wconf 93' lang='lat' dir='ltr'>III</span> <span class='ocrx_word' id='word_1_270' title='bbox 1526 2712 1576 2750; x_wconf 72' lang='lat'>12,</span> <span class='ocrx_word' id='word_1_271' title='bbox 1603 2712 1663 2741; x_wconf 81' lang='lat'>45:</span> <span class='ocrx_word' id='word_1_272' title='bbox 1690 2706 1867 2752; x_wconf 80' lang='lat' dir='ltr'>‘equidem</span> 
     </span>
     <span class='ocr_line' id='line_1_33' title="bbox 295 2768 1866 2809; baseline 0.001 -12"><span class='ocrx_word' id='word_1_273' title='bbox 295 2778 374 2798; x_wconf 86' lang='lat' dir='ltr'>cnm</span> <span class='ocrx_word' id='word_1_274' title='bbox 409 2768 514 2799; x_wconf 75' lang='lat' dir='ltr'>audio</span> <span class='ocrx_word' id='word_1_275' title='bbox 548 2779 686 2800; x_wconf 79' lang='lat' dir='ltr'>socrum</span> <span class='ocrx_word' id='word_1_276' title='bbox 719 2780 834 2800; x_wconf 78' lang='lat' dir='ltr'>meam</span> <span class='ocrx_word' id='word_1_277' title='bbox 868 2769 1028 2801; x_wconf 80' lang='lat' dir='ltr'>Laeliam</span> <span class='ocrx_word' id='word_1_278' title='bbox 1058 2790 1098 2794; x_wconf 96' lang='lat'><strong>—</strong></span> <span class='ocrx_word' id='word_1_279' title='bbox 1124 2769 1266 2801; x_wconf 82' lang='lat' dir='ltr'>facilius</span> <span class='ocrx_word' id='word_1_280' title='bbox 1301 2769 1394 2800; x_wconf 89' lang='lat' dir='ltr'>enim</span> <span class='ocrx_word' id='word_1_281' title='bbox 1426 2768 1594 2800; x_wconf 80' lang='lat' dir='ltr'>nmlieres</span> <span class='ocrx_word' id='word_1_282' title='bbox 1626 2769 1866 2809; x_wconf 82' lang='lat' dir='ltr'>incorruptam</span> 
     </span>
     <span class='ocr_line' id='line_1_34' title="bbox 297 2825 1868 2866; baseline -0.001 -10"><span class='ocrx_word' id='word_1_283' title='bbox 297 2826 543 2866; x_wconf 68' lang='lat' dir='ltr'>antiquitatffln</span> <span class='ocrx_word' id='word_1_284' title='bbox 562 2830 774 2857; x_wconf 50' lang='lat' dir='ltr'>minservant</span> <span class='ocrx_word' id='word_1_285' title='bbox 794 2853 801 2859; x_wconf 92' lang='lat'>.</span> <span class='ocrx_word' id='word_1_286' title='bbox 822 2853 828 2859; x_wconf 89' lang='lat'>.</span> <span class='ocrx_word' id='word_1_287' title='bbox 854 2845 897 2848; x_wconf 84' lang='lat'>——</span> <span class='ocrx_word' id='word_1_288' title='bbox 916 2826 977 2858; x_wconf 89' lang='lat' dir='ltr'>sed</span> <span class='ocrx_word' id='word_1_289' title='bbox 990 2836 1064 2857; x_wconf 82' lang='lat' dir='ltr'>eam</span> <span class='ocrx_word' id='word_1_290' title='bbox 1082 2827 1132 2857; x_wconf 85' lang='lat' dir='ltr'>sic</span> <span class='ocrx_word' id='word_1_291' title='bbox 1147 2826 1264 2865; x_wconf 85' lang='lat' dir='ltr'>audio,</span> <span class='ocrx_word' id='word_1_292' title='bbox 1283 2831 1320 2857; x_wconf 88' lang='lat' dir='ltr'>ut</span> <span class='ocrx_word' id='word_1_293' title='bbox 1337 2826 1501 2864; x_wconf 82' lang='lat' dir='ltr'>Plautum</span> <span class='ocrx_word' id='word_1_294' title='bbox 1519 2825 1604 2856; x_wconf 86' lang='lat' dir='ltr'>mihi</span> <span class='ocrx_word' id='word_1_295' title='bbox 1622 2829 1682 2856; x_wconf 86' lang='lat' dir='ltr'>aut</span> <span class='ocrx_word' id='word_1_296' title='bbox 1695 2825 1868 2856; x_wconf 76' lang='lat' dir='ltr'>Naevium</span> 
     </span>
     <span class='ocr_line' id='line_1_35' title="bbox 300 2876 1632 2923; baseline 0.002 -12"><span class='ocrx_word' id='word_1_297' title='bbox 300 2881 423 2913; x_wconf 74' lang='lat' dir='ltr'>videar</span> <span class='ocrx_word' id='word_1_298' title='bbox 448 2877 592 2921; x_wconf 76' lang='lat' dir='ltr'>audire’,</span> <span class='ocrx_word' id='word_1_299' title='bbox 620 2876 710 2923; x_wconf 58' lang='lat' dir='ltr'>(luae</span> <span class='ocrx_word' id='word_1_300' title='bbox 736 2883 846 2914; x_wconf 72' lang='lat' dir='ltr'>verba</span> <span class='ocrx_word' id='word_1_301' title='bbox 872 2884 1043 2915; x_wconf 76' lang='lat' dir='ltr'>vetusti</span> <span class='ocrx_word' id='word_1_302' title='bbox 1071 2884 1242 2915; x_wconf 82' lang='lat' dir='ltr'>sermonis</span> <span class='ocrx_word' id='word_1_303' title='bbox 1269 2883 1410 2914; x_wconf 87' lang='lat' dir='ltr'>laudem</span> <span class='ocrx_word' id='word_1_304' title='bbox 1438 2883 1632 2913; x_wconf 71' lang='lat' dir='ltr'>continent.</span> 
     </span>
    </p>
   </div>
   <div class='ocr_carea' id='block_1_4' title="bbox 432 2939 1883 2988">
    <p class='ocr_par' dir='ltr' id='par_1_6' title="bbox 432 2939 1883 2988">
     <span class='ocr_line' id='line_1_36' title="bbox 432 2939 1883 2988; baseline 0 -13"><span class='ocrx_word' id='word_1_305' title='bbox 432 2944 455 2984; x_wconf 61' lang='lat'>⁸)</span> <span class='ocrx_word' id='word_1_306' title='bbox 481 2944 532 2975; x_wconf 82' lang='lat' dir='ltr'>Cf.</span> <span class='ocrx_word' id='word_1_307' title='bbox 561 2946 665 2976; x_wconf 82' lang='lat' dir='ltr'>etiam</span> <span class='ocrx_word' id='word_1_308' title='bbox 689 2946 786 2977; x_wconf 83' lang='lat' dir='ltr'>Lael.</span> <span class='ocrx_word' id='word_1_309' title='bbox 803 2946 855 2986; x_wconf 76' lang='lat'>24,</span> <span class='ocrx_word' id='word_1_310' title='bbox 875 2947 936 2977; x_wconf 68' lang='lat'>89:</span> <span class='ocrx_word' id='word_1_311' title='bbox 961 2941 1141 2988; x_wconf 76' lang='lat' dir='ltr'>‘quoniam</span> <span class='ocrx_word' id='word_1_312' title='bbox 1161 2946 1376 2978; x_wconf 82' lang='lat' dir='ltr'>Terentiano</span> <span class='ocrx_word' id='word_1_313' title='bbox 1403 2945 1512 2976; x_wconf 75' lang='lat' dir='ltr'>verbo</span> <span class='ocrx_word' id='word_1_314' title='bbox 1531 2943 1696 2975; x_wconf 87' lang='lat' dir='ltr'>lubenter</span> <span class='ocrx_word' id='word_1_315' title='bbox 1714 2939 1883 2975; x_wconf 70' lang='lat' dir='ltr'>utimur&#39;.⁴</span> 
     </span>
    </p>
   </div>
  </div>
 </body>
</html>
