2100 3364
1021 327 1301 368 ᾗ20-»-

372 471 498 512 quem
528 456 628 496 vide
661 454 717 495 ad
738 453 851 494 hunc
883 468 1068 507 versum,
1103 454 1333 508 legendum
1357 456 1432 496 sit:
1460 452 1665 510 ‘'quantus
1696 463 1835 499 metus
1861 457 1952 500 est’.

372 531 523 585 Neque
557 529 673 584 quod
703 528 767 570 Fl.
806 529 977 583 scripsit
1009 528 1117 570 Hec.
1151 526 1253 568 735:

452 601 523 644 ⁹nc
554 603 711 644 nomen
742 603 799 644 mi
824 603 966 644 obstet
997 603 1238 658 quaestuis:
1271 619 1373 644 nam
1403 604 1546 645 mores
1577 604 1706 646 facile
1737 602 1862 647 tutor'

373 677 503 719 hodie
551 676 772 732 probatur,
821 692 922 718 nam
968 677 1154 718 lectione
1201 677 1365 719 codicis
1412 678 1611 720 Bembini
1651 675 1822 720 ‘obsiet'
1875 694 1952 734 pro

367 747 539 793 ⁹obstet'
564 751 803 804 immutata,
831 765 941 806 quae
965 751 1122 792 calami
1144 752 1277 793 errori
1298 751 1528 794 tribuenda
1551 760 1628 806 est,
1664 753 1808 795 omnia
1837 759 1954 795 recte

376 842 419 868 se
451 825 634 867 habent:

442 897 514 941 ‘ne
546 900 703 941 nomen
733 899 837 940 mihi
870 899 1037 955 quaesti
1071 898 1234 941 obsiet:
1266 914 1367 941 nam
1398 901 1540 942 mores
1571 900 1701 943 facile
1732 899 1875 944 tutor'.

375 974 577 1016 Ceterum
625 973 873 1027 genetivum
919 974 963 1014 in
1004 973 1088 1014 -uis
1120 972 1237 1014 haud
1267 974 1328 1014 ita
1358 989 1457 1015 raro
1490 981 1745 1030 usurpatum
1777 990 1871 1016 esse
1902 990 1952 1017 eo

375 1048 697 1103 comprobatur,
732 1048 848 1102 quod
869 1047 1113 1089 Varronem
1145 1054 1186 1089 et
1217 1048 1438 1102 Nigidium
1476 1048 1677 1104 Figulum
1709 1064 1797 1090 non
1829 1049 1954 1091 aliter

376 1123 547 1165 locutos
581 1138 677 1164 esse
710 1129 751 1164 et
784 1123 1012 1178 scripsisse
1046 1121 1212 1164 Gellius
1245 1123 1308 1164 IV
1342 1122 1406 1176 1ss7
1433 1123 1453 1162 1
1487 1123 1633 1164 tradit.
1666 1123 1866 1179 Denique
1899 1123 1952 1165 ab

371 1198 453 1239 hoc
486 1197 581 1239 loco
614 1197 732 1239 haud
764 1197 951 1239 alienum
983 1212 1077 1239 esse
1100 1204 1204 1252 puto
1239 1212 1577 1239 commemorare
1609 1199 1848 1239 rectissime
1882 1198 1952 1239 de·

371 1272 562 1314 fendisse
594 1271 945 1313 Fleckeisenium
992 1272 1193 1313 codicum
1238 1271 1468 1313 lectionem
1494 1270 1677 1314 ‘metuis’
1714 1272 1830 1327 apud
1864 1271 1952 1313 Cic.

371 1360 448 1401 pro
483 1344 604 1387 Sext.
636 1346 766 1388 Rosc.
799 1345 866 1400 50,
901 1344 1005 1386 145:
1033 1343 1089 1387 ‘si
1120 1348 1275 1388 metuis
1314 1348 1390 1398 (sc.
1425 1361 1559 1388 causa
1591 1347 1807 1388 hominem
1841 1348 1952 1388 occi-

373 1420 474 1462 dere
505 1421 590 1472 vis)
627 1419 680 1461 ab
715 1435 822 1462 eone
845 1420 1007 1476 aliquid
1038 1421 1193 1462 metuis
1217 1418 1324 1474 etc.’‚
1357 1436 1458 1462 nam
1490 1421 1677 1476 genetivi
1707 1421 1782 1462 illa
1812 1420 1953 1462 forma

375 1494 630 1536 Ciceronem
652 1501 832 1551 propter
864 1510 1047 1551 sequens
1078 1492 1460 1538 ve1·bum⁹metuis'
1487 1496 1682 1537 consulto
1715 1510 1841 1537 usum
1863 1510 1960 1536 esse

375 1576 716 1610 consentaneum
749 1575 826 1611 est.
889 1569 961 1610 Ex
992 1569 1075 1610 hoc
1109 1576 1255 1611 autem
1287 1575 1328 1610 et
1361 1568 1475 1610 Gelli
1508 1569 1605 1610 loco
1639 1569 1784 1624 colligi
1816 1576 1961 1625 potest

374 1643 596 1685 Ciceronis
630 1643 885 1699 aequalibus
916 1643 1103 1685 formam
1125 1643 1242 1685 haud
1273 1644 1469 1699 ignotam
1509 1643 1644 1685 fuisse
1677 1657 1858 1700 eamque
1879 1644 1959 1685 Te-

371 1718 481 1759 renti
513 1717 781 1773 temporibus
804 1717 936 1759 fuisse
957 1717 1184 1760 urbanam.
1208 1718 1379 1759 Etenim
1400 1718 1444 1758 in
1471 1718 1740 1759 comicorum
1763 1733 1960 1760 sermone

372 1793 541 1847 volgari
574 1808 625 1834 ea
655 1807 744 1834 non
774 1793 996 1847 reperitur.
1032 1791 1158 1834 Certe
1190 1793 1243 1834 de
1275 1792 1428 1833 Plauto
1462 1791 1568 1833 nihil
1600 1792 1760 1834 habent
1790 1799 1959 1834 veteres

374 1868 647 1921 grammatici
687 1874 727 1909 et
775 1867 966 1910 codices.
1031 1866 1172 1919 Quam
1204 1867 1257 1908 ob
1295 1881 1386 1908 rem
1417 1866 1572 1907 inim-ia
1611 1866 1794 1908 Bothius
1834 1881 1959 1922 quem

376 1942 702 1983 Fleckeisenius
750 1947 922 1982 secutus
971 1947 1035 1982 est
1067 1941 1281 1996 Amphitr.
1330 1939 1436 1980 1061
1466 1937 1661 1995 ‘'pai-tuis'
1710 1948 1756 1983 ut
1786 1955 1960 1982 versum

375 2016 675 2058 difficillimum
709 2022 883 2057 sanaret
914 2016 1101 2070 scripsit.

511 2091 644 2132 Porro
679 2091 809 2132 etiam
844 2091 1069 2146 genetivos
1115 2091 1158 2131 in
1190 2105 1257 2130 -us
1299 2105 1435 2145 aeque
1483 2104 1534 2131 ac
1566 2090 1770 2131 Terentio
1804 2089 1960 2130 Plauto

375 2165 597 2208 abiudicat
627 2165 888 2207 Ritschelius
934 2165 1067 2218 (Mon.
1115 2166 1249 2220 epigr.
1296 2171 1371 2206 tr.:
1423 2165 1475 2206 de
1521 2165 1584 2206 tit.
1620 2163 1752 2206 Aletr.
1801 2165 1958 2205 VII:

376 2239 539 2295 Opusc.
591 2240 655 2281 IV
702 2239 782 2280 169
835 2241 971 2296 sqq.):
1027 2237 1091 2281 ‘ut
1143 2240 1296 2281 eadem
1359 2254 1489 2294 opera
1540 2245 1581 2280 et
1634 2238 1963 2280 contraheretur

372 2315 528 2366 (sc.-ui)
563 2321 604 2355 et
637 2330 655 2356 s
678 2314 821 2356 littera
845 2321 1100 2367 servaretur,
1132 2313 1215 2355 hoc
1248 2313 1354 2355 illud
1374 2315 1515 2369 ipsum
1548 2320 1625 2367 est,
1660 2313 1776 2369 quod
1797 2313 1961 2354 factum

376 2404 470 2430 esse
505 2403 714 2443 negamus
762 2395 861 2430 ante
907 2388 1040 2430 multo
1073 2389 1316 2444 posteriora
1347 2382 1557 2443 tempora,
1592 2387 1765 2429 adultae
1797 2387 1960 2428 Latini-

374 2460 486 2505 tatis'
529 2463 599 2515 (cf.
623 2463 734 2504 Mus.
757 2463 892 2504 Rhen.
925 2463 1035 2505 VIII
1058 2461 1198 2518 [18:3⁶2]
1231 2461 1315 2502 494
1348 2467 1442 2518 sq.).
1478 2461 1639 2503 Contra
1670 2460 1960 2502 Buechelerus

377 2537 403 2578 l.
439 2552 476 2578 c.
508 2552 549 2592 p.
583 2535 634 2576 61
690 2552 751 2592 sq.
800 2536 985 2577 formam
1032 2537 1131 2578 inde
1173 2536 1225 2577 ab
1274 2536 1395 2577 initio
1444 2535 1683 2577 litterarum
1728 2535 1961 2576 latinarum

377 2612 596 2653 exstitisse
629 2618 670 2653 et
692 2611 893 2652 Plautum
925 2613 1151 2666 genetivos
1178 2609 1405 2666 “sumptus,
1449 2606 1664 2666 quaestus'
1710 2608 1960 2651 adhibuisse

379 2687 614 2728 contendit.
647 2686 705 2727 At
736 2685 839 2727 mihi
870 2701 1001 2727 unum
1020 2685 1070 2737 17)
1104 2692 1271 2727 tantum
1304 2691 1478 2740 praesto
1502 2691 1566 2726 est
1591 2683 1848 2738 exemplum,
1874 2699 1957 2738 quo

380 2760 633 2803 Buecheleri
657 2762 868 2803 sententia
890 2761 1079 2802 fortasse
1102 2761 1240 2815 possit
1270 2759 1547 2815 comprobari
1570 2758 1724 2799 Pseud.
1752 2756 1858 2796 1197
1882 2758 1931 2798 R.
1950 2772 1959 2798 ε

430 2832 553 2875 Γῐιί11ἰ1
572 2842 636 2876 est
657 2836 787 2877 hodie
803 2836 871 2876 hic
891 2835 1174 2890 sycophantis
1199 2836 1415 2891 quae'stus.
1440 2833 1563 2888 proin
1586 2838 1631 2873 tu
1654 2829 1898 2885 Pseudulo'‚

520 2941 558 2984 ιτ)
585 2942 639 2973 De
667 2944 831 2984 genetivo
857 2938 1007 2984 ‘lectus',
1036 2953 1140 2985 quem
1165 2943 1374 2974 Priscianus
1399 2940 1525 2982 Amph.
1551 2940 1616 2972 513
1644 2939 1760 2979 tradit,
1796 2940 1872 2972 iure
1898 2939 1962 2970 du-

380 2999 495 3030 bitant
522 2999 589 3030 viri
615 2999 709 3030 docti
735 3000 829 3041 (vide
855 3000 973 3042 infra).
