2100 3364
980 277 1257 317 „22-

319 404 450 461 ‘quae
469 419 547 446 nos
570 410 851 457 nostramque
872 401 1214 444 adulescentiam
1243 400 1248 456 Ι
1276 401 1453 443 Habent
1471 400 1745 457 despicatu').
1765 402 1911 459 Atque

327 478 469 534 plures
493 478 628 519 dativi
657 478 763 528 (sive
794 477 837 517 in
870 491 914 518 —u
939 477 1028 518 sive
1052 477 1094 518 in
1117 477 1194 528 -ui)
1218 476 1334 531 apud
1352 476 1601 517 Terentium
1625 476 1798 518 omnino
1820 492 1907 518 non

327 559 513 595 exstant.
546 552 732 592 Formae
769 557 913 592 autem
944 552 988 592 in
1030 567 1075 592 -u
1099 550 1216 606 apud
1253 565 1409 605 prosae
1436 552 1669 606 scriptores
1690 552 1909 606 reperiun-

326 634 406 679 tur,
440 632 486 667 ut
518 632 688 666 taceam
722 625 774 666 de
794 624 985 679 Vergilio
1009 624 1191 680 aliisque
1214 625 1378 679 poetis:
1410 625 1557 680 itaque
1580 625 1697 680 apud
1721 624 1908 667 Gellium

325 700 388 741 IV
421 699 486 753 16,
533 697 560 739 5
592 699 796 754 legimus:
843 697 949 740 ‘non
990 714 1140 741 omnes
1174 699 1421 741 concedunt
1451 701 1495 740 in
1527 714 1631 741 casu
1663 700 1811 742 dativo
1845 716 1908 743 se-

324 775 444 815 natui
476 774 617 828 magis
670 773 903 815 dicendum
936 787 1065 828 quam
1112 770 1291 827 senatu',
1326 773 1381 814 cf.
1413 773 1534 815 Neue
1566 772 1607 816 ΙΩ
1627 774 1710 815 356
1743 790 1834 830 sqq.
1868 782 1913 816 et

326 846 529 889 Buechel.
564 862 603 902 p.
638 846 731 887 110.
781 847 903 899 Quae
936 861 1033 888 cum
1066 849 1126 888 ita
1169 848 1267 900 sint,
1319 861 1407 888 non
1436 848 1563 890 video
1598 863 1789 899 causam,
1833 863 1912 890 cur

325 927 567 969 Lorenzius
601 927 757 968 Pseud.
792 925 874 967 306
905 926 955 968 R.
989 927 1234 981 scripserit:
1271 923 1376 968 ‘non
1427 934 1492 969 est
1537 916 1632 969 usffi
1680 930 1908 984 quisquam

326 1014 494 1049 amator
515 1007 596 1048 nisi
620 1007 691 1063 qui
720 1009 949 1062 perpetuat
972 1004 1085 1048 data?
1111 1007 1348 1049 adnotans:
1376 996 1491 1049 ‘usui
1525 1008 1638 1049 auch
1659 1008 1831 1050 Trucul.
1846 1007 1912 1049 IV

325 1086 363 1140 2,
390 1087 443 1127 10
463 1086 526 1140 ¹8),
570 1075 702 1128 cultu?
734 1087 845 1128 Rud.
879 1086 982 1140 294,
1032 1093 1152 1128 sonst
1197 1088 1274 1128 mit
1304 1087 1477 1129 Elision
1506 1102 1586 1129 vor
1616 1088 1910 1130 vocalischem

326 1159 542 1203 Anlaute'.
578 1161 690 1203 Nam
712 1160 833 1203 libris
857 1168 985 1215 certe,
1020 1163 1091 1217 qui
1115 1176 1218 1203 sane
1235 1159 1361 1204 ‘usui'
1385 1161 1453 1203 vel
1480 1159 1646 1204 ‘'iustus'
1687 1162 1912 1218 praebent,

325 1236 407 1278 hac
429 1238 472 1277 in
505 1251 551 1278 re
581 1236 700 1278 nulla
733 1243 797 1278 est
826 1236 957 1290 fides,
991 1237 1062 1292 qui
1080 1238 1210 1278 etiam
1229 1234 1424 1292 ‘sumptu
1461 1235 1681 1292 (sumptu)5
1707 1236 1795 1278 Mil.
1831 1236 1914 1277 740

327 1316 478 1352 contra
523 1317 707 1351 metrum
753 1309 957 1352 habeant.
1019 1309 1089 1352 An
1137 1325 1187 1352 ea
1234 1318 1326 1352 erat
1369 1326 1514 1364 causa,
1559 1311 1675 1366 quod
1705 1311 1748 1352 in
1780 1326 1912 1352 versu

326 1384 612 1425 antecedente
635 1383 814 1438 legitur:
843 1381 1038 1426 ³credere
1062 1385 1237 1426 autem?
1259 1385 1352 1438 eho,
1376 1400 1430 1426 an
1458 1386 1650 1441 paenitet
1671 1390 1724 1438 te,
1749 1386 1913 1440 quanto

326 1457 394 1499 hic
425 1457 554 1499 fuerit
593 1455 737 1498 usui’?
785 1457 871 1500 Sed
910 1465 957 1500 ut
997 1459 1054 1500 ad
1085 1459 1333 1501 Terentium
1378 1466 1656 1512 revertamur,
1706 1460 1911 1514 quoniam

325 1531 526 1573 Plautum
550 1531 624 1573 ubi
655 1533 715 1573 -ui
748 1538 847 1574 ante
878 1532 1077 1574 vocalem
1108 1533 1266 1588 legitur
1296 1532 1492 1575 ultimam
1523 1540 1690 1575 tantum
1723 1533 1913 1575 litteram

326 1605 484 1647 elidere
507 1605 553 1658 ¹9)
590 1621 645 1648 ex
676 1606 865 1648 Lorenzi
909 1607 1214 1649 observatione
1258 1608 1478 1661 discimus,
1525 1609 1625 1663 quin
1663 1605 1776 1650 ‘anu'
1810 1607 1912 1649 1000

325 1680 585 1722 Terentiano
619 1696 717 1722 cum
753 1681 793 1722 A
826 1681 1102 1723 scribendum
1136 1683 1190 1724 sit
1220 1698 1306 1724 non
1339 1682 1601 1724 dubitamus.

464 1772 502 1813 4.
536 1771 1051 1816 Accusativus‘cornum'
1088 1781 1233 1816 exstat
1264 1775 1375 1816 Eun.
1402 1774 1504 1815 775:
1531 1772 1608 1827 ‘tu,
1643 1773 1834 1828 Simalio,
1867 1775 1913 1815 in

332 1848 550 1890 sinistrum
583 1863 784 1901 cornum,
817 1850 875 1901 tu,
910 1848 1097 1903 Syrisce,
1131 1851 1173 1891 in
1206 1847 1459 1902 dexterum',
1494 1864 1576 1904 quo
1611 1848 1706 1890 1000
1732 1848 1911 1890 dubium

328 1928 405 1976 est,
459 1929 602 1964 utrum
636 1938 659 1963 a
691 1937 799 1964 voce
825 1920 1016 1976 Γ00111118,
1069 1920 1128 1964 us⁷
1179 1938 1234 1964 an
1267 1938 1292 1965 a
1317 1921 1528 1976 ⁹cornum,
1575 1920 1597 1963 i'
1633 1923 1913 1964 accusativus

328 1998 382 2037 sit
414 1996 699 2038 derivandus:
733 2003 916 2052 utraque
956 1999 1068 2039 enim
1099 1997 1240 2039 forma
1279 1997 1575 2039 heteroclitica
1612 1998 1824 2052 reperitur
1854 1997 1909 2038 cf.

326 2070 447 2112 Neue
478 2069 518 2111 12
549 2070 631 2110 347
652 2102 661 2111 .
703 2069 905 2113 Ceterum
937 2086 1029 2113 acc.
1056 2069 1264 2113 ‘cornum'
1308 2071 1441 2113 habet
1472 2077 1581 2113 teste
1613 2071 1836 2112 Prisciano
1872 2072 1911 2122 (Ι

329 2143 424 2197 210,
476 2144 528 2185 16
560 2145 633 2195 Η.)
689 2144 816 2186 Ovid.
867 2145 970 2186 Met.
1004 2145 1044 2187 V
1087 2145 1170 2186 383
1217 2152 1258 2186 et
1290 2145 1345 2187 ib.
1387 2146 1430 2187 ΙΙ
1462 2145 1546 2186 874
1590 2145 1731 2186 forma
1781 2146 1911 2186 etiam

328 2218 553 2260 codicibus
586 2219 785 2261 traditur.
819 2219 962 2275 Atque
993 2219 1076 2261 hoc
1110 2219 1249 2261 solum
1282 2219 1527 2275 exemplum
1560 2234 1658 2261 cum
1690 2221 1808 2275 apud
1830 2221 1912 2262 Tc-

329 2294 515 2335 rentium
536 2295 761 2348 reperitur,
795 2295 1048 2336 comoediae
1070 2293 1296 2336 Plautinae
1318 2294 1555 2336 identidem
1579 2293 1792 2349 praebent
1823 2294 1911 2334 for-

328 2382 420 2409 mas
455 2382 562 2423 quas
597 2368 780 2409 dicimus
814 2368 1185 2410 substantivorum
1217 2368 1506 2422 heteroclitaS,
1562 2383 1671 2424 quae
1703 2369 1764 2410 ita
1795 2383 1910 2409 com-

330 2449 510 2497 paratae
534 2449 644 2496 sunt,
677 2449 724 2483 ut
756 2458 777 2484 e
800 2444 921 2484 vocis
944 2458 1100 2498 genere
1131 2444 1174 2485 in
1197 2458 1395 2485 sermone
1426 2441 1596 2497 plebeio
1615 2444 1810 2484 variante
1835 2456 1912 2483 eas

331 2517 539 2570 originem
571 2517 749 2558 duxisse
769 2525 992 2572 appareat.
1019 2517 1163 2559 Veluti
1181 2516 1338 2573 Amph.
1372 2517 1455 2557 4313
1486 2518 1710 2572 genetivus
1737 2513 1906 2558 ‘lectus'

335 2589 406 2641 (cf.
430 2590 565 2632 Prisc.
588 2590 631 2631 II
663 2590 758 2644 257,
792 2590 819 2630 4
850 2590 906 2631 H.
930 2598 971 2632 et
992 2591 1267 2646 Brugmanus
1285 2598 1516 2633 comment.
1548 2592 1590 2632 in
1622 2590 1774 2632 honor.
1798 2590 1910 2631 Bue-

472 2715 509 2757 ¹⁸)
536 2716 605 2748 Sed
633 2716 675 2749 cf.
705 2715 876 2748 Schoellii
902 2715 1084 2747 adnotatio
1112 2717 1235 2748 critica
1262 2716 1306 2748 ad
1332 2716 1427 2748 hunc
1453 2727 1606 2750 versum.

471 2773 510 2811 19)
536 2774 576 2807 Ε.
604 2785 635 2815 g.
662 2774 726 2805 hos
752 2774 860 2805 affero
886 2773 1002 2806 locos:
1040 2773 1115 2805 Mil.
1143 2775 1208 2805 603
1235 2774 1410 2815 (Ritsch.),
1447 2775 1521 2813 2⁷71,
1561 2774 1662 2805 Cure.
1690 2774 1766 2813 501,
1794 2773 1909 2807 Poen.

330 2832 395 2862 617
423 2841 537 2873 neque
556 2836 731 2874 repugnat
751 2832 842 2863 Rud.
865 2832 941 2872 294,
968 2833 1005 2863 in
1036 2842 1106 2874 quo
1120 2842 1226 2864 versu
1244 2832 1392 2864 sormam
1425 2832 1625 2863 breviorem
1655 2835 1804 2872 utroque
1832 2830 1913 2862 1000

331 2887 544 2920 exarandam
572 2899 648 2920 esse
674 2889 760 2920 mihi
787 2890 1025 2921 certissimum
1052 2893 1126 2921 est:

415 2940 525 2977 ‘hisee
551 2943 647 2976 hz'uni
674 2950 780 2987 atque
807 2946 895 2977 haec
922 2945 1140 2977 harundines
1168 2949 1250 2977 sunt
1276 2943 1379 2976 nobis
1407 2949 1597 2986 quaestu
1624 2948 1658 2977 et
1685 2939 1833 2978 cultu⁷.
