2100 3364
979 290 1260 330 —40-

467 415 627 458 ‘idncst
648 416 827 457 verum?
857 418 987 458 immo
1010 416 1055 458 id
1077 416 1341 458 hominumst
1361 430 1496 471 genus
1520 418 1769 472 pessumum

472 489 712 544 denegandi
744 490 873 531 modo
907 491 1002 545 quis
1034 490 1175 545 pudor
1206 489 1383 544 paulum
1408 487 1555 531 adest?

339 566 460 616 Quae
511 564 652 605 forma
703 579 724 605 e
777 563 1017 617 Ciceronis,
1070 564 1247 617 Horati,
1300 564 1397 605 Livi
1449 564 1632 606 aliorum
1684 565 1906 607 codicibus

342 639 447 680 satis
478 644 584 679 nota
606 638 675 686 (cf.
699 638 818 679 Neue
850 639 921 679 ΙΙ2
953 638 1051 690 234)
1085 639 1303 680 rarissime
1334 638 1454 694 apud
1476 640 1702 680 scaenicos
1736 639 1909 680 obviam

333 712 399 764 fit,
435 712 551 766 quod
572 713 657 753 iam
682 712 934 753 observavit
955 712 1245 754 Buechelerus
1277 728 1318 767 p.
1344 712 1437 766 132,
1471 715 1541 768 qui
1563 728 1695 754 unum
1726 719 1910 754 tantum-

341 786 468 827 modo
500 786 645 827 locum
693 786 849 838 (Plaut.
882 786 1012 827 Most.
1063 784 1186 836 1040)
1237 787 1371 840 affert,
1424 787 1607 829 alterum
1660 788 1910 842 suppeditat

336 859 570 901 Muellerus
621 860 830 901 additam.
881 876 922 915 p.
978 860 1053 913 823
1109 860 1244 909 (Neue
1289 860 1316 901 l.
1365 875 1401 902 c.
1452 861 1615 903 nullum
1662 862 1910 916 exemplum

332 933 546 988 praebet).
593 935 685 976 Iam
718 934 816 975 vide
850 935 885 975 si
916 934 1059 989 placet
1100 934 1294 976 locorum
1337 936 1490 976 seriem
1523 935 1678 990 quibus
1712 936 1909 977 omnibus

337 1007 563 1050 codicibus
615 1008 983 1050 consentientibus
1034 1008 1172 1050 forma
1222 1008 1442 1063 bisyllaba
1494 1015 1659 1063 exstat,
1714 1011 1910 1065 quamvis

336 1082 510 1124 minime
542 1090 677 1124 metro
710 1085 974 1138 requiratur:

474 1157 611 1198 Andr.
639 1158 714 1197 63:
742 1155 860 1198 ‘cum
882 1156 1037 1212 quibus
1070 1163 1162 1198 erat
1184 1172 1367 1213 cumque
1388 1161 1488 1210 una,
1522 1159 1583 1199 eis
1607 1173 1702 1200 sese
1726 1158 1910 1212 dedere,

473 1231 530 1273 ib.
567 1230 671 1272 104:
699 1230 807 1274 ⁹fere
848 1234 892 1274 in
919 1232 1072 1274 diebus
1112 1234 1277 1288 paucis,
1321 1232 1477 1288 quibus
1509 1233 1617 1274 haec
1651 1235 1750 1276 acta
1785 1230 1911 1287 suns,

475 1305 533 1347 ib.
567 1306 671 1346 691:
699 1305 875 1362 “quibus
908 1307 1081 1362 quidem
1114 1322 1243 1362 quam
1274 1307 1402 1349 facile
1434 1308 1633 1362 potuerat
1665 1308 1843 1363 quiesci,
1877 1308 1913 1349 si

339 1380 408 1420 hic
441 1379 655 1435 quiesset,

476 1454 533 1496 ib.
569 1455 672 1496 758:
700 1454 762 1496 “in
794 1456 950 1511 quibus
985 1458 1046 1497 sic
1079 1456 1312 1498 inludatis?
1343 1456 1455 1498 Veni
1486 1457 1531 1497 in
1561 1454 1782 1511 tempore',

475 1528 534 1570 ib.
567 1530 673 1571 828:
700 1528 910 1585 “quibus‘?
950 1530 1009 1572 At
1039 1530 1235 1586 rogitas?
1274 1530 1502 1586 perpulisti
1542 1545 1623 1582 me,
1663 1532 1711 1572 ut
1751 1530 1912 1572 homini

340 1601 692 1654 adulescentum,

473 1677 530 1718 ib.
564 1677 672 1718 835:
713 1676 889 1733 ‘quibus
933 1678 979 1720 id
1026 1694 1230 1721 maxume
1276 1679 1435 1733 irtilest,
1483 1679 1603 1721 illum
1649 1681 1743 1721 csse
1785 1694 1914 1735 quam

337 1750 653 1805 deterrumum⁷,

477 1826 591 1868 Eun.
624 1826 729 1868 258:
765 1825 940 1882 fquibus
985 1829 1026 1869 et
1065 1843 1110 1869 re
1151 1828 1272 1870 salva
1312 1835 1354 1870 et
1392 1828 1561 1883 perdita
1594 1829 1841 1884 profueram
1876 1836 1918 1870 et

336 1913 513 1953 prosum
546 1899 701 1956 saepe}

338 1962 340 1964 V
480 1973 538 2015 ib.
571 1974 675 2015 372:
704 1973 769 2017 ‘tu
800 1975 884 2017 illis
915 1976 1062 2018 fruare
1094 1976 1349 2030 commodis7
1383 1976 1537 2031 quibus
1570 1983 1617 2018 tu
1647 1976 1769 2018 illum
1802 1977 1913 2020 dice-

338 2046 416 2088 bas
448 2047 604 2101 modo',

472 2123 529 2165 ib.
566 2122 696 2165 1035:
724 2122 941 2166 ⁶invetnt0r
972 2126 1171 2180 inceptor
1203 2126 1434 2180 perfector,
1468 2127 1552 2167 scis
1586 2140 1654 2168 me
1686 2126 1730 2167 in
1757 2126 1914 2181 quibus

337 2196 416 2237 sim
448 2196 645 2251 gaudiis’,

475 2273 608 2315 Haut.
632 2274 737 2314 388:
764 2272 884 2316 ‘nam
906 2274 1084 2329 expedit
1105 2274 1244 2316 bonas
1267 2275 1362 2316 csse
1382 2274 1531 2316 vobis:
1556 2276 1636 2316 nos
1655 2275 1915 2330 quibuscum

340 2352 405 2388 est
436 2363 504 2389 res
535 2349 622 2389 non
655 2346 824 2402 sinunt⁷‚

475 2421 647 2464 Phorin.
679 2421 784 2463 399:
811 2421 1019 2465 Γ(1ἰ1ιῖιοίἀθ
1050 2424 1253 2479 expedivi
1286 2424 1442 2480 quibus
1474 2439 1542 2466 me
1574 2421 1790 2479 oportuit,

479 2497 537 2538 ib.
570 2496 676 2537 923:
705 2495 896 2552 ⁹quodne
929 2500 1009 2551 ego
1043 2498 1243 2553 discripsi
1276 2500 1403 2553 porro
1446 2497 1530 2539 illis
1571 2497 1726 2553 quibus
1759 2494 1913 2547 debus,

479 2570 536 2612 ib.
573 2569 705 2611 1026:
753 2573 988 2626 exsequias
1013 2571 1231 2614 Chremeti
1264 2572 1418 2628 quibus
1446 2578 1511 2614 est
1532 2571 1808 2613 commodum
1840 2571 1912 2620 ire,

337 2626 414 2687 RQ
439 2647 612 2700 tempus
644 2643 734 2697 est',
1528 2696 1534 2700 q

476 2720 583 2761 Hec.
617 2719 720 2760 286:
759 2718 877 2761 fnain
920 2735 1000 2761 nos
1042 2735 1189 2762 omnes
1232 2721 1388 2776 quibus
1432 2727 1498 2762 est
1528 2718 1728 2761 alicunde
1761 2718 1914 2775 aliquis

343 2792 536 2835 obiectus
569 2791 720 2847 labos',

476 2868 533 2909 ib.
566 2867 670 2909 2308:
698 2866 903 2910 ffaeismt:
936 2883 1037 2910 nam
1070 2883 1199 2925 saepe
1231 2875 1308 2921 est,
1357 2855 1511 2923 quibus
1560 2868 1602 2909 in
1642 2868 1770 2910 rebus
1804 2867 1913 2909 alius

341 2955 395 2981 ne
426 2942 560 2983 iratus
594 2943 765 2997 quidem
798 2940 888 2995 est'⁷
