2100 3364
953 264 1234 305 —34-

304 393 381 435 891
411 388 611 434 ‘vocaris'
647 389 827 446 praebet
858 390 1119 432 adversante
1152 396 1299 445 aperte
1320 395 1456 432 metro
1488 389 1586 431 loco
1618 390 1773 445 priore.
1796 391 1876 432 Re-

303 473 419 509 stant
450 472 593 507 autem
626 465 759 506 Haut.
803 462 896 517 701,
941 464 1012 519 qui
1048 479 1199 505 versus
1231 466 1273 506 in
1314 463 1422 505 libro
1447 464 1657 506 Bembino
1699 466 1760 506 sic
1790 472 1876 507 tra—

305 541 418 582 ditus
453 545 539 582 est:

354 612 477 670 =‘quid
501 613 672 655 dicam?
695 628 825 668 quam
851 627 1028 654 causam
1052 612 1278 654 adferam?
1311 613 1426 666 Quin
1448 613 1547 655 nolo
1569 610 1816 666 mentiaris'‚

299 688 373 730 ubi
415 689 545 729 ceteri
585 687 683 729 libri
723 694 905 742 excepto
938 687 1008 728 D2
1056 693 1097 728 et
1135 688 1383 729 testimonia
1424 687 1586 729 habent
1621 684 1876 740 ‘mentiaress
1929 723 1934 730 .

299 771 340 804 et
371 762 481 804 Hec.
523 762 628 803 317:

351 835 447 892 ‘pro
480 836 686 892 Iuppiter,
720 835 955 876 clamorem
988 835 1150 875 audivi.
1191 835 1301 876 Tute
1332 834 1534 890 loqueris,
1566 837 1634 878 me
1664 833 1815 889 vetas'⁷

299 925 382 966 quo
435 925 519 951 uno
572 910 667 951 loco
722 923 868 951 omnes
919 908 1092 949 codices
1143 909 1326 951 formam
1367 908 1603 964 pleniorem
1655 909 1875 951 exhibent.

302 985 445 1040 Atque
476 985 519 1025 in
560 985 701 1039 priore
742 982 914 1038 quidem
952 997 1081 1023 versu
1121 989 1304 1038 excepto
1337 983 1684 1038 Umpfenbachio
1729 999 1876 1026 omnes

301 1059 418 1116 quod
451 1060 586 1101 sciam
610 1058 796 1100 editores
818 1057 1060 1099 breviorem
1081 1057 1202 1098 verbi
1224 1057 1409 1099 formam
1433 1065 1732 1113 exaraverunt,
1758 1059 1876 1114 quod

299 1135 400 1190 quin
438 1140 556 1175 recte
597 1133 778 1174 fecerint
810 1131 998 1173 dubitari
1037 1133 1197 1187 nequit,
1231 1145 1329 1172 cum
1370 1133 1500 1173 etiam
1531 1132 1640 1174 Eun.
1684 1131 1794 1174 1020
1836 1139 1879 1174 et

299 1208 430 1250 Haut.
480 1206 559 1248 691
610 1208 653 1248 in
701 1207 786 1249 fine
832 1206 1007 1248 iambici
1056 1206 1287 1261 septenarii
1333 1206 1485 1248 eadem
1530 1207 1669 1249 forma
1721 1214 1874 1250 exstet.

298 1283 448 1337 Neque
505 1281 653 1323 dubito
699 1281 800 1337 quin
850 1281 965 1322 idem
1018 1281 1091 1332 de}
1130 1280 1262 1322 altero
1316 1296 1485 1337 quoque
1531 1282 1628 1324 loco
1689 1284 1744 1324 sit
1795 1289 1879 1324 sta-

297 1356 517 1399 tuendum.
568 1355 735 1408 Quodsi
766 1355 988 1397 Dziatzko
1021 1355 1049 1397 l.
1083 1370 1118 1396 c.
1169 1361 1346 1411 propter
1390 1357 1601 1398 rationem
1651 1357 1878 1398 metricam

298 1432 485 1474 formam
515 1430 752 1486 pleniorem
791 1429 1086 1472 commendari
1118 1429 1321 1483 affirmat,
1354 1429 1539 1472 libenter
1571 1431 1743 1486 quidem
1776 1445 1876 1473 con-

299 1506 493 1548 cedimus
527 1506 570 1546 in
601 1504 675 1546 illa
706 1519 858 1547 versus
890 1504 1065 1546 iambici
1099 1505 1309 1547 octonarii
1330 1506 1432 1547 sede
1456 1505 1669 1561 syllabam
1701 1505 1877 1560 longam

300 1580 472 1636 saepius
512 1580 694 1621 inveniri
739 1580 856 1635 apud
898 1580 1159 1633 Terentium,
1203 1580 1280 1622 sed
1317 1581 1493 1622 minime
1532 1580 1687 1622 desunt
1724 1595 1879 1622 versus

300 1655 453 1697 eodem
490 1655 637 1709 utique
676 1654 806 1696 modo
838 1654 1027 1707 formati,
1061 1669 1144 1710 quo
1177 1654 1249 1696 ille
1283 1655 1335 1696 de
1377 1669 1459 1711 quo
1495 1656 1678 1709 agimus.
1742 1655 1877 1697 Plane

301 1737 445 1773 autem
479 1729 629 1770 similis
663 1735 728 1771 est
758 1729 955 1771 clausula
985 1744 1136 1771 versus
1169 1729 1306 1771 Plaut.
1339 1729 1470 1771 Poen.
1504 1729 1583 1771 851
1621 1729 1817 1785 (Gepp.):

350 1802 468 1845 'nam
499 1810 744 1845 nostrorum
775 1806 900 1846 nemo
935 1803 1121 1858 dignust.
1154 1803 1320 1859 Lepide
1341 1804 1532 1860 loquere.
1566 1805 1636 1846 Me
1668 1802 1818 1857 decet⁷‚

298 1878 371 1920 ubi
402 1877 566 1920 nullam
598 1879 792 1920 enotavit
826 1876 1072 1932 Geppertus
1105 1878 1305 1920 codicum
1337 1878 1688 1934 discrepantiam.
1751 1879 1879 1931 Quae

299 1967 397 1994 cum
428 1953 489 1994 ita
522 1953 618 2006 sint,
653 1953 782 1994 etiam
813 1952 921 1994 Hec.
954 1951 1035 1993 317
1072 1952 1345 1994 scribendum
1379 1951 1693 2008 esse'loquere'
1719 1954 1878 1995 Teren-

303 2028 494 2082 tiumque
525 2041 740 2082 nusquam
771 2026 957 2068 formam
988 2026 1225 2082 pleniorem
1266 2027 1516 2069 adhibuisse
1557 2028 1876 2069 contendimus.

296 2101 477 2144 Nullam
507 2102 639 2156 igitur
668 2101 758 2142 veri
792 2101 979 2156 speciem
1018 2115 1054 2142 e.
1087 2116 1127 2156 g.
1165 2100 1299 2143 habet
1329 2102 1512 2143 Kraussi
1544 2102 1788 2144 emendatio
1823 2102 1881 2143 ad

300 2176 384 2218 Ad.
420 2176 497 2217 191
554 2176 681 2229 (Mus.
728 2175 864 2217 Rhen.
897 2175 1007 2217 VIII
1053 2173 1167 2229 558),
1221 2190 1349 2230 quam
1391 2174 1650 2231 Spengelius
1700 2176 1878 2230 dignam

301 2251 451 2293 habuit
483 2266 611 2306 quam
645 2256 1003 2292 commemoraret
1034 2251 1077 2291 in
1111 2250 1374 2305 appendice:

361 2323 504 2367 ''minis
535 2326 686 2379 viginti
709 2331 755 2366 tu
779 2324 899 2367 illam
931 2324 1103 2366 emisti?
1135 2325 1360 2380 Loqueris.
1394 2325 1492 2367 Tibi
1513 2327 1657 2367 vortat
1688 2323 1810 2367 male⁷

301 2400 374 2441 ubi
402 2397 619 2455 “loqueris'
653 2399 723 2440 ille
755 2400 873 2441 haud
902 2400 1166 2454 insagaciter
1199 2389 1376 2454 scripsit
1403 2415 1480 2455 pro
1505 2414 1554 2441 eo
1581 2400 1697 2455 quod
1729 2406 1793 2441 est
1834 2400 1877 2440 in

299 2473 452 2515 codice
482 2473 694 2515 Bembino
722 2471 784 2514 ''id
816 2488 926 2528 quae
956 2471 1051 2515 res⁷.

437 2548 582 2590 Etiam
614 2547 816 2588 Plautum
846 2547 1009 2589 formas
1042 2547 1192 2602 plenas
1224 2563 1322 2589 raro
1365 2547 1617 2590 adhibuisse
1649 2548 1878 2589 adnotavit

300 2621 475 2662 Brixius
516 2622 572 2663 ad
612 2622 730 2663 Trin.
774 2622 883 2676 prol.
925 2622 945 2661 1
990 2628 1031 2663 et
1070 2623 1112 2663 in
1155 2622 1341 2677 append.
1391 2622 1447 2664 ad
1487 2622 1604 2664 Trin.
1648 2620 1728 2663 789
1767 2621 1876 2663 hacc

302 2696 480 2737 adiecit:
512 2693 614 2737 “Die
646 2696 681 2737 F
687 2711 778 2738 orm
820 2696 1032 2738 arbitrare
1070 2696 1145 2738 hat
1175 2695 1354 2737 Plautus
1395 2712 1509 2738 neun
1541 2696 1643 2750 Mal,
1687 2712 1742 2737 an
1785 2696 1876 2738 drei

304 2768 467 2811 Stellen
500 2784 629 2824 sogar
659 2785 738 2812 vor
761 2770 857 2812 dem
878 2770 1037 2812 letzten
1060 2769 1269 2824 Creticus,
1303 2785 1368 2812 wo
1401 2786 1445 2812 er
1480 2771 1592 2813 doch
1625 2776 1745 2811 sonst
1767 2784 1876 2824 gern

305 2845 398 2885 eine
420 2844 572 2898 Lange
595 2844 820 2900 anbringt3
844 2846 957 2887 auch
975 2845 1243 2887 anderwarts
1267 2845 1363 2886 sind
1387 2845 1575 2886 Formen
1596 2846 1675 2886 wie
1698 2846 1876 2886 mereris

307 2917 441 2966 (Trin.
475 2917 588 2971 659),
620 2918 810 2974 loqueris
843 2919 975 2961 Merc.
1017 2919 1083 2961 III
1115 2919 1153 2972 3,
1188 2917 1254 2972 20,
1294 2919 1472 2960 fatearis
1513 2918 1603 2959 Mil.
1644 2919 1686 2959 II
1727 2919 1766 2973 3,
1809 2918 1876 2973 64,
