2100 3364
785 266 1068 306 -ffin

282 392 320 433 4.
354 393 539 433 Formae
570 392 873 446 pronominum
905 392 961 433 ad
993 391 1239 446 analogiam
1280 392 1479 433 flexionis
1512 392 1729 432 nominum

144 472 190 506 ut
219 466 279 507 ita
312 466 465 518 dicam,
498 464 708 506 formatae
740 464 962 519 leguntur:

288 539 441 591 (Andr.
474 538 548 579 alt.
581 537 683 578 exit.
717 552 756 579 v.
788 538 836 577 2:
863 535 1060 593 ⁹operam
1092 539 1191 580 dedi
1222 554 1275 580 ne
1307 554 1373 580 me
1405 541 1500 580 esse
1549 538 1727 581 oblitum

152 614 272 654 dicas
304 620 402 654 tuae
433 618 590 666 gnatae
622 609 828 664 alterae'),

281 688 391 729 Eun.
426 684 703 727 1004:‘1nihi
751 686 868 727 solae
913 686 1091 727 ridicqu
1139 686 1232 739 fuit,
1275 701 1385 741 quae
1419 687 1521 741 quid
1552 688 1719 728 timeret

147 760 335 814 scibam',

281 834 414 876 Haut.
447 834 554 874 271:
597 832 664 875 ‘ea
700 834 804 875 obiit
835 841 1038 875 mortem:
1072 834 1154 876 hoc
1189 835 1292 889 ipsa
1323 835 1366 876 in
1397 836 1548 877 itinere
1570 835 1729 876 alterae

152 910 252 951 dum
284 906 457 962 narrat’,

286 983 459 1024 Phorm.
493 982 600 1024 928:
645 981 763 1025 ⁶cum
794 997 873 1036 ego
915 984 1047 1024 vestri
1096 983 1277 1024 honoris
1325 986 1457 1024 causa
1501 984 1727 1039 repudium

152 1056 312 1098 alterae
343 1055 605 1099 remiserim'.

282 1132 379 1172 Hae
411 1132 577 1173 formae
608 1132 652 1172 in
685 1146 880 1172 sermone
911 1130 1114 1172 familiari
1146 1146 1360 1186 persaepe
1384 1131 1603 1173 adhibitae
1636 1147 1728 1173 esse

145 1208 359 1260 videntur,
400 1207 517 1261 quod
547 1208 632 1247 iam
664 1206 764 1247 inde
796 1205 948 1258 elucet,
982 1206 1098 1260 quod
1130 1206 1319 1261 aptiores
1352 1213 1475 1248 erant
1506 1207 1562 1248 ad
1593 1222 1727 1261 genus

151 1282 396 1323 accuratius
429 1288 471 1322 et
502 1280 815 1334 significantius
853 1280 1173 1333 definiendum,
1227 1295 1356 1334 quam
1401 1282 1726 1322 terminationes

144 1355 463 1411 pronominales
495 1356 538 1396 in
570 1356 652 1395 -ius
684 1354 751 1395 vel
784 1355 827 1405 -i,
861 1369 971 1409 quae
1003 1361 1117 1395 certe
1150 1355 1269 1409 apud
1300 1355 1547 1397 Terentium
1579 1356 1621 1395 111
1653 1370 1725 1395 vo-

147 1429 270 1471 cibus
302 1444 433 1484 supra
464 1429 606 1470 allatis
639 1429 691 1470 de
723 1428 893 1469 feminis
926 1443 1140 1483 nusquam
1186 1435 1466 1483 usurpantur.
1526 1430 1594 1471 De
1626 1431 1727 1471 viris

150 1510 293 1545 autem
334 1501 538 1544 'alterius'
583 1503 718 1544 Andr.
760 1502 855 1550 628,
883 1500 1046 1543 ‘solius'
1082 1503 1214 1544 Haut.
1257 1501 1350 1555 129,
1404 1503 1574 1544 dativos
1615 1501 1724 1544 ‘soli'

151 1579 263 1620 Eun.
295 1577 392 1630 480,
426 1577 521 1631 637,
558 1577 651 1629 793,
685 1577 781 1631 531,
832 1577 1005 1618 Phorm.
1037 1575 1133 1630 405,
1187 1578 1294 1618 Hec.
1333 1577 1429 1630 350,
1462 1577 1559 1630 410,
1594 1575 1726 1619 ¹'nulli'

154 1652 287 1693 Haut.
321 1652 415 1704 685,
449 1651 532 1693 Ad.
558 1652 651 1700 864,
679 1649 831 1693 ‘alteri'
858 1651 994 1692 Andr.
1027 1650 1109 1690 427
1133 1653 1389 1706 reperimus.
1415 1652 1566 1706 Itaque
1600 1653 1729 1693 etiam

150 1726 234 1767 Ad.
267 1726 343 1766 34:
405 1733 446 1767 et
476 1726 554 1768 tibi
585 1726 695 1768 bene
727 1741 822 1768 esse
856 1726 935 1767 soli
967 1741 1065 1767 cum
1097 1726 1179 1768 sibi
1214 1728 1268 1768 sit
1299 1725 1438 1779 male⁷,
1487 1727 1523 1767 si
1555 1727 1728 1781 quidem

156 1816 306 1842 versus
329 1817 354 1842 a
375 1801 577 1842 Terentio
611 1801 834 1856 profectus
866 1807 931 1842 est
954 1825 1008 1830 —
1032 1815 1135 1842 nam
1169 1801 1291 1842 deest
1324 1802 1367 1842 in
1389 1800 1427 1842 A
1450 1816 1589 1856 neque
1613 1801 1728 1855 quic-

149 1891 279 1932 quam
311 1875 364 1917 de
396 1891 445 1916 eo
478 1875 609 1917 habet
639 1876 841 1917 Donatus
867 1899 915 1903 —
940 1881 1041 1929 post
1065 1872 1176 1916 ‘soli’
1220 1875 1619 1930 interpungendum
1651 1882 1727 1928 est,

150 1952 210 1992 ita
240 1957 287 1991 ut
317 1951 362 1991 id
394 1965 490 1991 cum
516 1948 624 1991 ‘tibi'
664 1951 706 2001 (i.
739 1965 775 1991 e.
806 1950 979 2001 marito)
1009 1951 1308 2003 coniungatur,
1345 1950 1552 2005 quoniam
1578 1947 1724 1990 isolae⁷

152 2030 281 2079 poeta
314 2025 574 2078 scripsisset,
608 2025 643 2065 si
675 2024 732 2066 ad
757 2021 868 2065 ⁶sibi’
906 2025 947 2072 (i.
982 2039 1016 2065 e.
1040 2025 1240 2075 uxorem)
1275 2024 1425 2064 referri
1446 2024 1668 2065 voluisset.

284 2098 417 2139 Porro
466 2099 692 2152 genetivus
732 2096 865 2139 ‘nulli’
917 2114 942 2140 a
973 2099 1271 2153 grammaticis
1304 2104 1346 2139 et
1387 2098 1514 2139 codd.
1546 2097 1634 2138 DG
1669 2099 1727 2149 (in

147 2171 186 2212 A
210 2186 362 2212 versus
392 2187 480 2213 non
511 2174 673 2223 exstat)
701 2173 1011 2227 comprobatur
1042 2172 1178 2213 Andr.
1216 2171 1325 2212 608:
1354 2169 1475 2213 Γ1111111
1507 2171 1728 2226 obtigisse,

149 2246 499 2301 quandoquidem
530 2254 618 2288 tam
649 2247 775 2299 iners,
808 2253 897 2288 tam
928 2247 1035 2288 nulli
1068 2247 1220 2288 consili
1254 2244 1372 2288 sum.5
1422 2246 1564 2302 Atque
1597 2247 1726 2288 etiam

149 2318 302 2360 Cicero
337 2320 445 2360 dixit
476 2334 553 2374 pro
586 2320 716 2361 Rosc.
749 2319 870 2361 Com.
907 2320 972 2374 16,
1006 2320 1081 2362 48:
1107 2319 1232 2362 ‘nulli
1266 2318 1430 2362 consili’
1466 2327 1508 2362 et
1541 2322 1574 2361 si
1606 2321 1726 2362 Neue

145 2394 212 2436 11⁴²
250 2391 334 2433 255
378 2392 460 2433 hoc
506 2392 602 2434 loco
652 2394 828 2435 laudato
877 2394 1021 2436 addit:
1068 2392 1167 2436 ‘wie
1198 2409 1299 2436 man
1330 2395 1476 2446 meint,
1526 2395 1575 2436 in
1608 2396 1747 2508 einer!
1787 2398 1898 2442 laus..

148 2468 400 2523 poetischen
445 2465 772 2521 Reminisceni,
825 2467 1082 2510 Ciceronem
1113 2469 1289 2510 Terenti
1335 2469 1479 2511 locum
1509 2470 1553 2510 in
1585 2452 1862 2535 mentea‘gfflf‘·
1927 2481 1940 2507 1

147 2543 353 2585 habuisse
385 2559 440 2585 ex
473 2544 547 2596 eis,
571 2557 681 2597 quae
714 2543 872 2585 similia
904 2558 1035 2598 supra
1058 2544 1262 2596 diximus,
1296 2549 1491 2598 apparet.
1526 2542 1725 2584 Ceterum

155 2618 318 2660 formas
358 2616 502 2671 ‘unae,
538 2617 657 2658 solae
704 2615 853 2659 simm.'
886 2617 957 2658 hic
989 2617 1076 2658 illic
1116 2617 1233 2672 apud
1272 2618 1458 2672 optimos
1492 2618 1725 2671 scriptores

149 2692 327 2746 reperiri
359 2691 486 2733 docet
523 2691 644 2732 Neue
689 2690 715 2732 l.
748 2705 784 2731 0.
817 2691 885 2732 De
917 2691 1071 2732 Plauto
1110 2692 1176 2732 eff.
1209 2691 1417 2732 Ritscheli
1450 2705 1519 2746 op.
1551 2690 1595 2731 II
1628 2689 1723 2743 692,

150 2765 270 2806 Brix.
303 2771 345 2806 et
377 2765 562 2806 Lorenz.
596 2764 652 2806 ad
683 2764 774 2805 Mil.
807 2764 903 2805 356.

285 2837 373 2880 Sed
393 2844 560 2880 restant
581 2838 759 2890 formae,
793 2838 845 2879 de
869 2837 1024 2893 quibus
1047 2838 1165 2879 haud
1185 2839 1246 2879 ita
1267 2837 1395 2879 facile
1418 2844 1483 2880 est
1504 2838 1723 2880 iudicium.

151 2910 210 2952 Ut
240 2911 370 2966 igitur
402 2927 428 2954 a
448 2913 705 2967 gravissimo
739 2912 835 2954 loco
870 2912 1163 2965 exordiamur,
1188 2912 1322 2953 Haut.
1346 2911 1427 2953 382
1458 2912 1635 2967 legitur:
1663 2910 1725 2953 “id

1980 2454 2040 2493 ἐξ.
