2100 3364
799 240 1078 280 -47-

157 366 357 408 Ceterum
390 380 598 420 persaepe
629 367 718 406 eius
759 364 876 406 modi
923 367 1077 420 partic.
1129 366 1291 407 formas
1339 367 1381 405 in
1413 365 1637 407 codicibus
1670 380 1732 406 re-

157 442 284 495 periri
318 447 482 491 notum,
514 439 568 480 cf.
601 439 720 480 Neue
752 438 816 480 II“’
847 438 930 479 580
962 439 1017 480 al.

296 515 334 556 6.
366 514 549 555 Perfecti
577 510 746 568 ‘posivi'
772 513 934 554 formas
955 513 1215 554 Ritschelius
1237 514 1443 555 restituit:
1468 512 1602 555 Andr.
1630 513 1729 554 729:

150 587 257 630 ‘non
289 589 513 643 zipposisse
566 594 612 628 ut
662 586 824 642 liquido
858 588 1033 641 possim.
1086 585 1324 642 Intellego’‚
1376 586 1432 628 ib.
1468 587 1572 627 742:
1608 585 1733 642 ‘puer

156 663 354 705 he'rclest.
401 662 553 704 mulier
593 668 639 703 tu
680 662 894 716 iidposisti
934 661 1077 703 hunc?
1110 643 1194 702 Ubi
1235 661 1321 702 illic
1359 659 1484 713 est?’‚
1532 661 1589 703 ib.
1624 661 1730 702 763:

151 735 292 789 Γ(30(10,
341 738 484 777 cuium
517 751 696 791 puerum
742 735 810 776 hic
857 736 1100 790 arlposisti‘?
1152 736 1220 777 dic
1270 733 1384 776 mihi⁷
1438 742 1479 777 et
1511 735 1732 777 Bentleius

159 811 330 865 scripsit
361 811 471 852 Eun.
510 809 615 851 912:
662 808 753 865 'qui
785 811 898 852 hunc
946 812 1188 866 supposivit
1233 810 1389 852 nebis'?
1421 810 1552 851 Move
1582 816 1624 852 te
1659 825 1732 852 oro

157 882 304 926 ocius'.
336 884 404 925 De
434 884 589 926 Plauto
622 884 692 926 ille
729 886 814 939 (op.
838 885 902 926 IV
925 884 1025 937 118)
1058 884 1183 926 dicit:
1210 882 1319 926 Γ13111
1350 890 1558 925 constans
1591 892 1656 926 est
1690 886 1734 926 in

155 959 366 1001 Plautinis
390 959 639 1011 comoediis,
664 960 788 1000 alteri
815 959 921 1011 (scil.
945 959 1050 1014 perf.
1075 960 1217 1013 posui)
1253 965 1299 1000 ut
1329 973 1382 1000 ne
1414 958 1536 1000 locus
1560 959 1733 1014 quidem

157 1033 270 1075 ullus
292 1034 469 1075 relictus
502 1030 581 1086 sit'‚
631 1049 714 1088 qua
745 1047 789 1074 re
821 1040 1063 1075 commotus
1095 1035 1225 1075 etiam
1258 1040 1460 1089 quattuor
1498 1033 1581 1075 illis
1627 1033 1733 1075 locis

156 1108 429 1150 Terentianis
461 1131 516 1137 -—
546 1123 684 1163 neque
718 1108 829 1148 enim
852 1107 996 1162 plures
1038 1114 1213 1148 exstant
1254 1131 1309 1136 —
1350 1107 1535 1149 formam
1578 1108 1733 1149 intulit.

156 1182 393 1237 Trisyllabi
425 1180 708 1237 enim‘posui’
744 1182 924 1237 perfecti
955 1197 1081 1223 usum
1115 1183 1254 1237 poetis
1288 1181 1460 1223 demum
1491 1182 1732 1237 dactylicis,

156 1258 255 1300 inde
285 1257 339 1299 ab
372 1257 528 1309 Ennio,
577 1256 722 1297 deberi
769 1271 949 1311 eamque
989 1257 1031 1298 in
1071 1256 1238 1298 iambos
1285 1258 1471 1312 primum
1503 1257 1732 1298 immisisse

156 1331 374 1375 Lucilium
423 1329 656 1372 contendit.
717 1330 781 1371 Ac
834 1332 1030 1385 quamvis
1082 1331 1267 1372 fortasse
1317 1333 1472 1372 mirum
1521 1332 1732 1383 videatur,

157 1406 274 1462 quod
317 1421 370 1448 nc
412 1420 496 1447 uno
531 1404 701 1461 quidem
745 1405 841 1447 loco
882 1404 1016 1447 ullum
1052 1406 1178 1447 huius
1219 1406 1384 1447 formae
1415 1408 1645 1460 vestigium
1692 1408 1734 1447 in

158 1481 384 1522 codicibus
416 1481 686 1523 Terentianis
738 1482 983 1523 inveniatur
1035 1506 1083 1510 —
1139 1496 1222 1536 qua
1275 1496 1407 1523 causa
1461 1482 1550 1522 sine
1603 1480 1733 1522 dubio

156 1556 357 1597 Klotzius
389 1561 431 1596 et
463 1554 719 1610 Spengelius
753 1557 955 1597 commoti
998 1562 1110 1607 sunt,
1144 1562 1190 1596 ut
1236 1571 1331 1597 03111
1377 1562 1629 1610 respuerent
1665 1578 1733 1608 -,

155 1637 301 1671 tamen
333 1645 428 1670 eam
459 1630 576 1670 vixa
603 1630 804 1671 Terentio
838 1629 1191 1671 abiudicaverim.
1226 1630 1397 1671 Etenim
1421 1630 1538 1684 quod
1560 1630 1735 1671 codices

155 1704 260 1746 nihil
293 1704 345 1746 de
367 1704 449 1746 hac
481 1704 621 1745 forma
659 1703 833 1757 habent,
868 1704 1131 1746 monendum
1163 1711 1227 1746 est
1257 1704 1517 1746 Bembinum
1549 1704 1732 1746 deficere

156 1778 295 1819 tribus
339 1778 461 1830 locis,
511 1778 668 1832 quippe
715 1779 785 1832 qui
827 1779 1069 1819 exstiterint
1110 1780 1153 1819 in
1196 1778 1472 1833 quinionibus
1504 1779 1588 1820 illis
1621 1794 1735 1820 nunc

158 1852 410 1907 deperditis.
442 1852 575 1893 Porro
610 1853 740 1893 etiam
773 1851 930 1893 Catull.
953 1853 1152 1894 XXXIV
1184 1853 1208 1893 8
1241 1859 1282 1894 ct
1315 1852 1403 1894 Cic.
1438 1854 1566 1895 Tusc.
1594 1854 1635 1895 V
1666 1852 1733 1904 29,

156 1925 210 1967 83
241 1926 381 1967 forma
411 1925 594 1981 legenda
628 1933 705 1979 est,
739 1941 1000 1982 quamquam
1033 1926 1288 1968 Ciceronem
1320 1927 1517 1968 consulto
1551 1928 1736 1969 formam

158 2015 234 2041 suo
268 2008 463 2055 tempore
497 2002 587 2042 sine
628 2000 758 2042 dubio
782 2002 1052 2056 antiquatam
1085 2001 1335 2043 adhibuisse
1360 2009 1555 2057 apparet.
1588 2002 1734 2044 Locos

157 2074 381 2116 Plautinos
415 2075 590 2129 collegit
621 2075 798 2117 Schultz
832 2092 872 2131 p.
905 2075 944 2116 9.

297 2148 463 2200 Quodsi
494 2150 826 2205 Roenspiessius
858 2150 884 2191 l.
909 2165 945 2192 o.
969 2166 1010 2206 p.
1037 2151 1063 2191 3
1085 2151 1324 2207 perfectum
1350 2149 1460 2193 *sini'
1494 2151 1630 2193 Andr.
1657 2151 1735 2193 188

157 2230 329 2264 exstare
362 2223 598 2273 contendit,
630 2224 906 2266 vehementer
928 2231 1056 2277 errat,
1090 2240 1190 2266 nam
1223 2225 1395 2267 codices
1418 2225 1580 2268 habent
1606 2223 1736 2289 ‘sivi'7

1108 2297 1262 2311 .....

157 2372 323 2426 penius,
373 2370 425 2412 de
457 2371 658 2412 Terentio
707 2380 747 2413 et
780 2372 956 2413 Donato
991 2373 1094 2415 diss.
1127 2389 1167 2429 p.
1209 2373 1272 2427 18,
1308 2389 1434 2429 quem
1466 2381 1639 2417 secutus
1671 2381 1736 2417 est

156 2444 497 2486 Fleckeisenius.
531 2444 673 2500 Atque
707 2447 741 2487 si
771 2445 953 2501 legimus
987 2447 1104 2502 apud
1120 2448 1363 2489 Donatum:
1392 2446 1492 2489 “sivi
1526 2447 1731 2504 antique',

157 2518 285 2560 facile
332 2518 486 2574 aliquis
513 2517 623 2561 ‘sini'
659 2520 935 2563 scribendum
967 2536 1062 2563 esse
1095 2523 1304 2577 opinetur.
1367 2522 1453 2564 Sed
1498 2529 1614 2564 recte
1646 2524 1734 2565 iam

157 2593 359 2635 Klotzius
391 2593 615 2635 Diomedis
663 2598 719 2649 (p.
752 2594 847 2648 374,
884 2595 935 2635 13
967 2596 1041 2650 Κ.)
1073 2598 1344 2639 testimonio:
1385 2595 1498 2639 “sino
1534 2598 1641 2638 sivi.
1662 2630 1670 2638 .
1690 2630 1698 2638 .
1719 2630 1728 2640 .

158 2667 309 2709 melius
332 2674 477 2708 tamen
509 2667 664 2709 dicitur
696 2666 757 2709 sii'
792 2670 934 2719 nixus,
978 2669 1081 2725 quid
1113 2669 1195 2711 sibi
1227 2670 1355 2713 vellet
1397 2671 1502 2712 illud
1526 2669 1730 2727 ‘antique’

160 2741 276 2795 apud
298 2741 520 2784 Donatum
562 2744 885 2784 demonstravit.
910 2743 1051 2799 Atque
1070 2742 1167 2786 fsiit'
1191 2745 1349 2800 legitur
1378 2745 1461 2787 Ad.
1498 2744 1598 2786 104:
1626 2744 1732 2789 ‘non

160 2814 229 2855 siit
281 2821 451 2868 egestas
514 2816 657 2856 facere
708 2830 800 2857 nos.
853 2823 898 2857 tu
949 2819 1060 2859 nunc
1112 2816 1228 2871 tibi'‚
1281 2834 1412 2874 quam
1468 2819 1651 2861 formam
1706 2836 1732 2862 3

159 2887 372 2930 Diomede
405 2888 432 2930 l.
466 2903 502 2930 c.
535 2889 755 2931 laudatam
788 2904 895 2931 unus
928 2890 966 2932 A
1000 2893 1200 2933 servavit.
1263 2893 1415 2947 Itaque
1454 2892 1729 2936 abiciendum
