2100 3364
971 291 1253 331 *42-

323 420 524 475 proponit
561 420 617 472 (p.
650 416 720 467 47)
750 414 865 457 ’cuia
890 414 1051 470 causa’,
1085 431 1182 458 cum
1204 416 1286 458 hoc
1310 417 1401 459 solo
1428 417 1525 458 loco
1550 419 1738 471 genetivi
1760 419 1899 460 forma

321 491 551 547 bisyllaba,
599 491 805 532 tredecim
837 496 982 532 autem
1028 490 1137 532 locis
1188 491 1492 546 monosyllaba
1542 491 1722 546 legatur.
1777 491 1898 544 Quae

321 564 514 608 mutandi
547 580 682 606 causa
733 565 838 606 satis
870 565 1014 618 gravis
1048 571 1126 618 est,
1175 580 1438 621 quamquam
1485 567 1696 621 scriptura
1743 566 1902 608 tradita

322 642 464 682 sensui
496 639 653 682 melius
677 638 844 681 consuli
866 653 953 680 non
976 645 1121 693 potest
1142 639 1302 693 negari.
1326 639 1446 680 Idem
1469 654 1707 694 pronomen
1729 646 1901 695 praeter

321 714 567 769 Vergilium
611 713 721 765 (Ecl.
754 714 833 763 ΠΙ,
869 714 909 764 1)
950 713 1068 768 apud
1101 712 1189 754 Cic.
1222 713 1344 754 Verr.
1377 714 1399 754 I
1429 712 1497 767 45,
1532 713 1625 767 142,
1658 714 1725 755 III
1756 713 1823 765 27,
1847 714 1900 756 68

320 790 490 845 legitur.
524 789 677 844 Itaque
708 788 865 829 iniuria
896 788 967 829 ille
1009 789 1081 843 qui
1120 788 1413 829 antibucolica
1446 790 1620 843 scripsit
1665 788 1798 840 (Suet.
1832 789 1899 830 ed.

318 862 571 906 Reiffersch.
605 878 644 917 p.
678 862 744 915 65,
780 860 848 912 10)
881 876 1055 903 versum
1086 861 1205 902 illum
1237 861 1402 916 Vergili
1434 863 1663 917 exagitans
1705 864 1898 918 scripsit:

511 953 612 996 ¹'Dic
644 953 760 1007 mihi,
792 953 1022 1006 Damoeta,
1056 955 1198 995 cuium
1230 968 1376 1008 pecus,
1409 969 1520 995 anne
1551 954 1763 997 latinum?

514 1029 627 1082 Non,
660 1044 810 1070 verum
843 1028 1037 1083 Aegonis
1069 1029 1206 1070 nostri
1240 1029 1301 1069 sic
1333 1043 1430 1070 rure
1462 1027 1720 1084 loquuntur'.

323 1102 523 1145 Ceterum
554 1104 730 1145 Brixius
777 1103 834 1144 ad
865 1104 982 1144 Trin.
1030 1102 1084 1143 45
1122 1102 1240 1144 haud
1286 1104 1377 1144 iure
1423 1118 1574 1144 vocem
1620 1118 1828 1160 persaepe
1875 1120 1903 1147 a

325 1178 496 1229 (Plauto
540 1178 600 1230 et)
632 1178 834 1219 Terentio
883 1177 1079 1219 adhiberi
1127 1177 1243 1219 dicit.
1278 1177 1459 1219 Plautus
1507 1184 1622 1220 certe
1653 1177 1771 1219 haud
1801 1194 1898 1221 raro

318 1253 402 1294 hoc
435 1254 690 1308 pronomine
722 1253 851 1293 etiam
883 1258 930 1293 ut
959 1252 1142 1294 relativo
1174 1253 1309 1294 utitur
1340 1253 1393 1293 cf.
1426 1252 1548 1294 Neue
1580 1252 1649 1293 Π2
1685 1252 1780 1293 235.

453 1341 580 1385 'Alid‘'
616 1358 693 1398 pro
722 1341 866 1384 ‘aliud’
908 1345 1065 1385 iniuria
1096 1344 1336 1399 reponebat
1366 1344 1588 1386 Bentleius
1621 1345 1753 1386 Haut.
1794 1344 1901 1385 331:

313 1418 435 1473 “quid
475 1418 593 1460 aliud
624 1418 702 1460 tibi
733 1417 832 1459 vis'?
875 1417 1095 1473 Siquidem
1128 1418 1211 1459 hoc
1243 1419 1302 1459 fit.
1338 1418 1590 1472 Siquidem?
1631 1420 1899 1473 experiundo

320 1490 439 1534 scies*
476 1499 518 1534 et
534 1494 640 1534 Hec.
668 1491 771 1533 750.-
798 1490 853 1533 ’si
875 1492 992 1533 aliud
1014 1493 1180 1546 scirem,
1205 1494 1276 1548 qui
1298 1493 1469 1534 firmare
1500 1495 1642 1534 me'am
1673 1494 1791 1549 apud
1821 1509 1902 1535 vos

319 1570 492 1623 possem
544 1565 698 1609 fidens.
751 1567 901 1622 Neque
952 1567 1069 1622 apud
1118 1567 1321 1609 Plautum
1380 1568 1519 1609 forma
1570 1569 1793 1622 reperitur,
1845 1568 1900 1610 cf.

319 1642 526 1684 Ritscheli
578 1657 646 1696 op.
694 1642 757 1683 IV
802 1642 907 1682 453:
936 1640 1215 1697 ’quibusdam
1245 1642 1389 1683 Plauti
1419 1642 1617 1684 versibus
1650 1644 1729 1684 etsi
1760 1642 1902 1684 forma

319 1732 407 1758 non
440 1731 542 1757 sane
573 1723 800 1771 repugnat,
832 1724 977 1758 tamen
1007 1731 1088 1758 nec
1119 1716 1205 1758 ullo
1240 1718 1283 1758 in
1307 1716 1402 1758 loco
1433 1718 1736 1758 necessitatem
1770 1717 1902 1759 habet

320 1798 361 1833 et
391 1791 520 1846 longe
551 1791 746 1846 plurimis
779 1792 1016 1834 certissime
1048 1789 1329 1833 adversatur?

459 1884 666 1925 Formam
692 1881 816 1924 ⁹stuc'
852 1898 930 1938 pro
957 1881 1096 1925 ''istuc‘'
1135 1883 1303 1924 Nonius
1337 1883 1396 1938 (p.
1421 1882 1504 1923 219
1527 1890 1569 1924 et
1600 1882 1699 1934 361)
1725 1882 1895 1924 duobus

320 1957 429 1999 locis
461 1958 732 1999 Terentianis
778 1957 912 1999 habet
942 1957 1080 1999 Andr.
1112 1957 1219 1998 566:
1256 1955 1320 1999 ⁹at
1352 1959 1444 1999 stuc
1477 1956 1687 2013 periclum
1720 1958 1763 1998 in
1804 1956 1902 1998 filia

319 2033 414 2074 fieri
460 2029 646 2086 gravest'
698 2040 739 2074 et
770 2032 855 2074 Ad.
890 2031 990 2073 169:
1036 2030 1234 2074 ‘nimium
1282 2039 1376 2074 stuc
1423 2031 1573 2074 abisti:
1620 2032 1690 2073 hic
1721 2038 1900 2087 propter

321 2106 434 2149 hunc
469 2107 653 2148 adsiste:
686 2122 766 2160 em,
801 2109 863 2148 sic
894 2105 1017 2149 volo.'
1059 2107 1255 2162 Utroque
1286 2107 1382 2149 loco
1417 2122 1514 2148 eam
1545 2121 1631 2148 non
1662 2107 1822 2161 requiri
1854 2107 1899 2148 in

322 2182 553 2237 propatulo
587 2188 664 2235 cst,
696 2196 834 2237 neque
867 2197 1129 2237 quemquam
1161 2182 1377 2224 editorum
1409 2182 1743 2223 Lachmannum
1776 2196 1896 2223 secu-

321 2263 411 2297 tum
442 2271 538 2298 esse
585 2256 725 2310 video,
774 2257 845 2312 qui
893 2271 989 2298 eam
1034 2256 1163 2298 valde
1208 2256 1545 2298 commendabat
1592 2263 1721 2312 atque
1769 2256 1899 2298 etiam

323 2329 522 2372 Ciceroni
554 2330 807 2372 vindicabat
837 2331 895 2372 ad
916 2331 1089 2373 Lucret.
1123 2330 1308 2373 111954.
1342 2331 1557 2381 EPlaut.
1591 2331 1708 2373 idem
1729 2330 1898 2373 Nonius

323 2404 386 2460 (Ρ.
418 2404 523 2457 476)
559 2405 712 2446 laudat
742 2405 904 2447 Bacch.
938 2404 1040 2446 679:
1082 2403 1187 2447 ⁹iam
1221 2412 1313 2447 stoc
1350 2403 1473 2447 dicto'
1525 2412 1567 2447 et
1599 2405 1694 2447 aliis
1728 2419 1898 2460 quoque

321 2481 432 2522 locis
478 2481 664 2523 formam
695 2487 982 2535 reposuerunt
1019 2480 1080 2522 M.
1113 2481 1320 2522 Hertzius
1353 2488 1394 2522 et
1424 2480 1765 2532 Fleckeisenius‚
1811 2478 1902 2519 Zur

320 2556 469 2597 Kritik
541 2555 617 2597 der
686 2555 1035 2597 altlateinischen
1094 2555 1522 2609 Dichterfragmente
1589 2553 1661 2596 bei
1728 2552 1894 2595 Gellius

323 2630 465 2684 (Lips.
500 2628 628 2679 1854)
678 2644 719 2685 p.
767 2628 834 2671 20.
866 2629 1107 2671 Damnavit
1137 2628 1296 2682 {autem
1345 2644 1442 2671 eam
1490 2628 1609 2670 CFG
1649 2626 1895 2677 Muellerus,

323 2703 531 2746 additam.
565 2704 622 2746 ad
652 2703 792 2745 Plaut.
825 2718 940 2758 pros.
974 2719 1015 2759 p.
1053 2704 1145 2745 158.

279 2811 284 2903 Ι
462 2795 671 2837 Dativum
711 2793 807 2836 ⁶me'
860 2795 993 2847 (Fest.
1040 2811 1081 2851 p.
1131 2795 1236 2836 161:
1283 2793 1367 2837 ‘me
1413 2809 1491 2850 pro
1540 2793 1643 2836 mihi
1690 2793 1896 2835 dicebant

280 2908 281 2924 χ
323 2866 517 2924 antiqui')
552 2876 724 2912 exstare
756 2870 866 2911 Eun.
890 2869 994 2911 222:
1023 2868 1168 2912 ’nimis
1201 2885 1269 2911 me
1291 2866 1506 2923 indulgeo*
1544 2868 1785 2920 (Donatusz
1812 2865 1893 2909 “sic

270 2939 280 3004 ΙΙ
323 2950 491 2984 veteres
543 2943 660 2998 quod
710 2958 790 2985 nos
842 2944 946 2985 mihi
994 2942 1203 2998 dicimus}
1249 2944 1372 2985 BDE
1419 2950 1460 2984 et
1509 2942 1729 2984 Dziatzko
1776 2941 1889 2983 Mus.
