2100 3364
908 301 946 305 ,-
1008 277 1034 317 5
1095 301 1147 305 —

247 402 393 444 adhuc
427 417 449 443 e
480 401 661 442 materia
694 415 803 454 quae
836 400 972 441 fusius
1004 406 1212 441 tractetur
1243 400 1375 455 digna
1407 399 1705 442 delibaverunt
1736 401 1822 441 viri

247 477 380 518 docti.
414 476 535 528 Quae
567 489 664 514 cum
705 475 763 514 ita
798 475 897 526 sint,
935 473 1052 515 haud
1099 474 1249 514 inutile
1282 481 1385 528 puto
1429 489 1497 515 me
1529 480 1741 527 acturum,
1789 475 1822 515 si

249 565 339 592 rem
373 549 565 591 nondum
599 549 703 589 satis
736 547 1008 602 exploratam
1028 545 1060 601 ⁹)
1086 549 1378 601 tractaverim,
1411 554 1457 588 ut
1477 547 1653 589 tandem
1677 562 1823 589 omnes

248 626 343 666 eius
374 623 491 665 modi
521 623 686 664 formas
719 621 796 663 sub
830 636 914 662 uno
949 627 1187 675 conspectu
1218 620 1480 676 perlustrare
1512 621 1653 663 liceat.

389 713 475 755 Sed
523 714 775 768 priusquam
822 711 874 753 de
920 713 1102 753 vetustis
1152 711 1466 753 vocabulorum
1517 712 1666 755 formis
1717 714 1824 768 ipsis

257 803 454 843 agamus,
497 800 640 842 pauca
674 801 783 841 quae
815 785 872 827 ad
909 801 999 827 rem
1030 786 1195 827 faciunt
1236 785 1287 827 de
1328 792 1483 840 poetae
1515 792 1672 838 aetate,
1713 789 1827 829 vitae

249 862 518 915 condicione,
554 860 724 902 dicendi
756 875 912 915 genere
942 860 1130 902 breviter
1162 875 1446 915 exponamus.

385 952 613 994 Salvatore
633 952 743 994 Belli
765 953 808 993 in
830 953 1193 994 commentatione
1210 950 1349 994 ⁶Sulla
1367 954 1508 1008 patria
1527 953 1595 995 del
1613 955 1823 997 Terenzio

246 1032 381 1081 poeta
418 1024 596 1068 comico⁷
636 1025 745 1081 (Atti
781 1025 877 1067 dell'
902 1025 1110 1068 Academ.
1144 1026 1325 1068 Roman.
1349 1027 1392 1069 di
1414 1027 1674 1083 Archeolog.
1698 1028 1824 1084 XIV>

246 1101 499 1143 Terentium
522 1107 698 1156 propter
721 1100 928 1142 sermonis
963 1100 1222 1155 elegantiam
1242 1101 1407 1143 Romae
1428 1109 1578 1144 natum
1601 1104 1825 1159 civemque

247 1177 483 1230 ingenuum
512 1176 646 1217 fuisse
679 1174 977 1217 demonstrare
1010 1174 1213 1217 studebat
1256 1174 1300 1230 (l.
1334 1190 1370 1217 c.
1404 1191 1477 1231 pp.
1515 1176 1593 1217 139
1626 1184 1667 1219 et
1701 1176 1824 1232 154):

247 1264 388 1304 neque
421 1264 534 1290 enlm
565 1249 705 1303 potuit
738 1248 819 1290 sibi
851 1248 1114 1303 persuadere
1154 1255 1321 1291 tantam
1353 1250 1562 1292 sermonis
1594 1252 1827 1306 puritatem

249 1338 344 1364 esse
386 1324 640 1379 cuiusquam
671 1323 837 1365 Romae
877 1338 964 1365 non
1005 1324 1109 1364 nati.
1145 1322 1225 1364 Cui
1265 1324 1586 1366 ratiocinationi
1627 1327 1826 1380 quamvis

248 1412 337 1438 non
393 1397 720 1453 adstipulemur,
770 1403 916 1439 tamen
967 1398 1193 1453 puerulum
1243 1413 1562 1453 perpaucorum
1612 1414 1824 1442 annorum

248 1471 499 1514 Terentium
532 1472 715 1513 Romam
745 1473 916 1514 venisse
947 1471 1107 1526 verbis,
1151 1487 1262 1528 quae
1292 1472 1412 1514 initio
1444 1474 1560 1515 vitae
1594 1488 1615 1515 e
1649 1473 1827 1515 Suetoni

249 1545 302 1586 de
326 1547 466 1600 poetis
487 1545 597 1587 libro
619 1545 902 1601 depromptae
918 1546 1131 1601 leguntur,
1157 1553 1363 1602 apparet:
1381 1545 1579 1588 ‘Publius
1599 1548 1826 1589 Terentius

251 1620 357 1661 Afer
390 1619 656 1674 Carthagine
687 1626 815 1662 natus
839 1621 985 1662 serviit
1006 1620 1170 1662 Romae
1193 1620 1396 1663 Terentio
1420 1622 1602 1663 Lucano
1627 1623 1828 1673 senatori,

249 1709 275 1735 a
299 1709 382 1748 quo
408 1693 461 1735 ob
484 1695 702 1749 ingenium
727 1700 769 1735 et
790 1695 973 1736 formam
995 1709 1083 1736 non
1105 1696 1155 1736 in
1171 1696 1405 1736 stitutus
1427 1696 1557 1738 modo
1579 1696 1826 1750 liberaliter,

250 1767 328 1809 sed
359 1776 399 1809 et
421 1775 588 1810 mature
610 1783 740 1810 manu
763 1770 918 1810 missus
942 1767 1029 1811 ests
1066 1769 1158 1811 Iam
1182 1784 1264 1824 quo
1288 1776 1417 1825 pacto
1440 1770 1624 1812 Romam
1645 1771 1830 1823 venerit,

248 1842 354 1883 nihil
386 1842 443 1883 ad
473 1857 553 1884 nos
585 1843 753 1896 attinet,
789 1842 865 1884 sed
898 1844 933 1883 si
965 1844 1104 1898 prima
1135 1843 1321 1884 infantia
1363 1850 1405 1885 et
1445 1845 1657 1886 sermonis
1697 1844 1827 1900 patrii

246 1916 442 1958 nondum
464 1918 649 1971 peritum
669 1931 765 1959 eum
786 1918 830 1958 in
855 1918 1067 1958 senatoris
1085 1917 1270 1959 Romani
1293 1917 1421 1960 domo
1453 1918 1691 1960 liberaliter
1711 1920 1830 1960 insti-

246 1996 390 2030 tutum
437 2005 530 2032 esse
563 1998 827 2046 reputamus,
866 1998 1041 2046 poetam
1071 1991 1227 2034 Afrum
1267 2007 1510 2034 sermonem
1553 1993 1734 2034 latinum
1774 1993 1829 2035 ab

247 2064 365 2104 >omni
388 2065 693 2119 peregrinitate
711 2065 898 2107 alienum
917 2065 1143 2107 addiscere
1159 2066 1355 2121 potuisse
1376 2066 1503 2108 facile
1526 2067 1828 2122 intellegimus,

390 2137 476 2180 Sed
507 2139 593 2180 iam
625 2139 844 2181 veteribus
877 2141 983 2195 ipsis
1016 2139 1085 2181 vel
1124 2147 1171 2181 ut
1202 2141 1449 2181 accuratius
1491 2140 1633 2182 dicam
1674 2147 1829 2196 poetae

249 2211 507 2266 aequalibus
534 2212 605 2254 ille
626 2214 798 2255 nativus
821 2214 922 2267 fere,
946 2229 1033 2255 non
1055 2215 1216 2256 ascitus
1242 2215 1450 2256 sermonis
1473 2214 1594 2270 lepos
1617 2214 1829 2256 mirabilis

391 2359 417 2402 ²)
446 2359 497 2393 Cf.
528 2360 568 2393 P.
600 2361 760 2402 Langen,
792 2362 959 2404 Beitriige
998 2373 1060 2393 zur
1085 2362 1206 2394 Kritik
1244 2362 1316 2394 und
1342 2362 1549 2404 Erklarung
1587 2362 1648 2394 des
1674 2362 1823 2394 Plautus

252 2416 371 2457 (Lips.
400 2417 501 2457 1880)
528 2418 565 2448 in
589 2418 717 2459 praefi:
743 2414 939 2451 ‘Zwischen
965 2419 1114 2451 Plautus
1140 2419 1213 2450 und
1239 2419 1375 2451 Terenz
1401 2419 1489 2461 liegt
1515 2420 1593 2451 eine
1620 2418 1732 2451 Reihe
1759 2430 1830 2450 von

254 2473 390 2505 Jahren
418 2474 480 2505 der
504 2474 683 2506 reiehsten
709 2476 1105 2518 Sprachentwicklung,
1131 2476 1266 2508 welche
1294 2476 1371 2508 sich
1397 2477 1461 2508 auf
1483 2476 1540 2508 die
1566 2476 1732 2515 Formen,
1761 2476 1829 2508 den

255 2531 492 2572 XVortschatz,
520 2531 577 2563 die
603 2532 913 2576 XVortbedeutung
938 2533 1011 2565 und
1037 2533 1172 2575 Syntax
1198 2533 1454 2576 gleichmiissig
1480 2533 1666 2566 erstreckt.
1693 2533 1830 2564 Zudem

250 2587 394 2630 bewegt
421 2588 497 2620 sich
522 2589 672 2621 Plautus
698 2590 734 2621 in
761 2589 823 2622 der
849 2590 984 2633 Sphare
1011 2591 1072 2623 des
1099 2591 1370 2633 gewohnlichen
1397 2591 1531 2623 Volkes
1558 2617 1566 2624 .
1584 2616 1593 2624 .
1611 2616 1619 2625 .
1638 2615 1665 2631 .,
1692 2590 1829 2622 Terenz

253 2644 417 2686 dagegen
441 2645 631 2678 verkehrte
659 2647 694 2677 in
723 2649 801 2679 dem
817 2647 942 2680 Kreise
966 2647 1243 2689 feingebildeter
1260 2648 1411 2680 Manner
1435 2674 1443 2681 .
1462 2674 1470 2681 .
1490 2674 1498 2681 .
1523 2648 1607 2679 Die
1634 2647 1830 2689 Sprache

252 2701 328 2732 des
354 2701 522 2734 Terenz
548 2704 608 2735 ist
635 2704 678 2734 in
704 2703 839 2746 Folge
867 2704 1027 2736 dessen
1052 2706 1154 2736 weit
1179 2704 1301 2736 mehr
1327 2716 1410 2736 von
1437 2704 1512 2736 der
1539 2704 1613 2736 des
1640 2705 1829 2736 Plautus

249 2758 561 2799 verschieden,
589 2760 656 2792 als
683 2771 776 2791 man
795 2761 1080 2802 gewohnlich
1098 2761 1402 2793 anzunehmen
1422 2762 1605 2804 geneigt
1630 2756 1831 2794 scheint’.

254 2814 320 2854 (Cf.
347 2816 453 2846 etiam
480 2826 570 2857 quae
596 2816 690 2847 idem
715 2818 769 2848 vir
794 2817 917 2849 doctus
955 2828 1068 2860 nuper
1099 2818 1241 2860 scripsit
1272 2819 1308 2849 in
1332 2818 1562 2850 Fleckeiseni
1587 2818 1715 2851 Annal.
1744 2819 1830 2849 1882

251 2881 285 2911 p.
312 2871 401 2912 673).
426 2872 563 2904 Eodem
596 2874 698 2905 modo
725 2874 857 2905 iudicat
884 2875 927 2908 H.
954 2874 1094 2914 Iordan,
1128 2875 1299 2907 kritische
1326 2875 1492 2917 Beitriige
1527 2885 1588 2906 zur
1616 2874 1830 2907 Geschichte

255 2928 321 2958 der
349 2928 589 2962 lateinischen
617 2930 772 2972 Sprache
800 2931 931 2970 <BeroL
960 2933 1059 2972 1879)
1086 2943 1118 2973 p,
1145 2932 1222 2965 335.
