2100 3364
781 281 833 286 -,
894 257 1062 297 41-

274 383 331 424 ib.
364 383 469 424 485:
500 380 671 437 'quibus
718 383 791 422 iris
825 382 973 436 pulsus
1020 384 1133 422 nunc
1165 382 1209 421 in
1240 380 1358 422 illam
1398 382 1566 437 iniquos
1600 379 1705 433 sim’,

274 457 329 499 ib.
363 456 469 497 526:
517 453 622 496 ‘non
673 456 732 496 sic
784 455 970 497 ludibrio
1015 457 1100 496 tuis
1151 455 1278 496 factis
1330 455 1502 496 habitus
1553 469 1705 496 essem.

140 531 336 584 Quibus‘.>
368 530 425 571 At
455 526 647 584 rogitas',

274 605 331 646 ib.
364 603 467 644 644:
495 601 694 644 '‘uxor-em
724 602 860 644 habes
892 608 968 643 aut
999 602 1154 657 quibus
1185 609 1400 644 moratam
1430 602 1649 656 moribus,

274 679 329 720 ib.
363 677 466 719 759:
494 674 591 720 '‘nec
623 676 829 718 leviorem
860 675 997 729 vobis,
1031 676 1187 731 quibus
1219 682 1283 717 est
1314 677 1487 718 minime
1511 692 1707 732 aequom,

141 768 236 794 eum
267 749 475 799 viderim-⁷,

275 826 357 868 Ad.
390 824 466 866 36:
494 824 668 881 ‘'quibus
700 828 815 867 nunc
839 825 1046 867 sollicitor
1067 824 1218 866 re'bus!
1253 840 1306 866 ue
1328 831 1401 865 aut
1433 824 1504 866 ille
1537 823 1707 875 alserit’,

276 901 333 942 ib.
366 900 470 940 315:
498 898 606 941 itum
629 901 775 940 aute'm
798 898 955 953 Syrum
976 898 1255 953 inpulsorem,
1289 898 1387 951 vah,
1420 898 1573 953 quibus
1590 898 1709 940 illum

140 976 379 1017 lacerarem
409 972 576 1023 modis',

275 1050 328 1090 ib,
362 1047 465 1089 1305:
492 1046 673 1099 ¹⁴omnes,
709 1047 863 1102 quibus
901 1063 969 1088 res
1003 1054 1100 1088 sunt
1131 1049 1272 1089 minus
1305 1047 1534 1099 secundae,
1569 1049 1709 1102 magis

139 1131 237 1167 sunt
268 1124 413 1165 nescio
447 1124 528 1178 quo
562 1119 717 1173 modo',

276 1199 332 1240 ib.
367 1198 470 1239 822:
497 1195 641 1251 “signa
670 1198 832 1247 insunt,
866 1210 920 1235 ex
954 1196 1109 1250 quibus
1142 1197 1392 1237 coniectura
1423 1197 1549 1238 facile
1580 1194 1653 1239 fit'.

148 1272 285 1325 Quem
317 1274 471 1313 mirum
503 1271 700 1313 codicum
725 1284 984 1311 consensum
1003 1271 1123 1310 casui
1140 1286 1227 1311 non
1245 1286 1373 1325 posse
1406 1272 1538 1313 tribui
1570 1279 1710 1327 patet:

145 1349 292 1403 itaque
323 1347 572 1388 Terentium
621 1345 680 1385 sic
729 1343 954 1397 scripsisse
1001 1351 1043 1385 et
1073 1344 1155 1385 hac
1203 1360 1372 1400 quoque
1418 1347 1462 1386 in
1492 1361 1536 1387 re
1568 1348 1712 1401 poesis
1757 1350 1764 1360 ¹

143 1423 367 1464 scaenicae
398 1422 707 1476 proprietatem
738 1434 1029 1475 agnoscamus
1063 1426 1244 1475 oportet.

276 1495 313 1536 6.
355 1495 422 1537 De
475 1495 665 1537 ablativo
711 1493 814 1550 ‘qui’
869 1511 966 1537 cum
1015 1495 1341 1536 accuratissime
1394 1509 1530 1549 nuper
1579 1495 1713 1547 egerit

142 1569 193 1612 O.
241 1570 484 1611 Kienitzius
544 1570 587 1610 in
634 1569 850 1611 Fleckeis.
903 1569 1060 1610 Annal.
1114 1568 1252 1623 suppl.
1300 1569 1343 1609 X
1395 1568 1712 1619 (1878—18791)

138 1660 179 1700 p.
211 1644 294 1684 525
328 1658 418 1698 sqq.
466 1641 549 1696 (de
582 1646 655 1698 qui
698 1643 851 1685 localis
883 1642 1066 1684 modalis
1114 1642 1231 1697 apud
1270 1643 1437 1696 priscos
1478 1643 1712 1696 scriptores

138 1719 297 1760 latinos
329 1715 439 1769 usu’)
474 1732 612 1772 neque
651 1717 786 1759 ullum
818 1718 991 1759 Terenti
1021 1717 1166 1759 locum
1198 1716 1448 1771 neglexerit,
1491 1717 1548 1758 ad
1587 1718 1715 1758 istam

141 1792 364 1847 delegasse
395 1792 586 1847 legentes
619 1792 1029 1833 commentationem
1062 1792 1166 1832 satis
1198 1791 1352 1832 habeo.

279 1867 316 1906 7.
348 1867 591 1908 Pronomen
624 1864 779 1915 rcuius,
823 1881 878 1916 -a,
921 1863 1018 1906 -um'
1064 1865 1220 1919 legitur
1251 1865 1386 1907 Andr.
1431 1865 1534 1905 763:
1573 1863 1715 1918 ‘ced0,

142 1942 283 1982 cuium
302 1955 482 1996 puerum
504 1940 573 1982 hic
591 1938 864 1994 adposistiP',
883 1940 940 1981 ib.
963 1938 1045 1980 932
1061 1955 1069 1979 :
1087 1937 1249 1981 ‘cuiam
1266 1941 1396 1994 igitur
1406 1937 1453 1992 P',
1476 1940 1587 1980 Eun.
1610 1938 1715 1979 321:

134 2013 273 2069 evirgo
306 2012 503 2067 cuiast‘?⁷,
536 2015 669 2056 Haut.
692 2014 800 2070 prol.
822 2015 869 2056 8:
896 2012 1013 2056 ‘cuia
1045 2029 1205 2069 graeca
1229 2011 1308 2055 sit’.
1333 2014 1455 2056 Idem
1478 2028 1716 2068 pronomen

141 2089 377 2131 Brandtius
408 2089 434 2130 l.
468 2104 503 2130 c.
537 2105 576 2144 p.
610 2088 664 2128 29
703 2091 835 2131 etiam
866 2090 999 2130 Haut.
1033 2088 1138 2129 996:
1179 2087 1272 2129 “aut
1314 2088 1443 2129 scibis
1488 2089 1610 2129 cuius
1645 2085 1712 2129 sis'

144 2165 364 2216 agnoscit:
399 2178 495 2204 cum
527 2164 639 2204 enim
671 2179 711 2204 v.
745 2163 828 2204 9813
853 2162 1032 2205 “horum⁷
1069 2170 1171 2204 etv.
1206 2162 1288 2203 995
1314 2160 1495 2204 ⁹ambos⁷
1532 2162 1715 2215 dicatum,

139 2234 290 2278 ‘euius’
326 2239 572 2291 genetivum
619 2253 715 2279 esse
745 2253 833 2279 non
864 2253 1008 2293 posse,
1054 2253 1155 2279 nam
1187 2239 1221 2279 si
1260 2237 1305 2278 id
1334 2237 1543 2279 voluisset
1573 2243 1716 2291 poeta,

142 2308 353 2366 ‘quorum'
390 2326 486 2353 eum
519 2312 735 2354 dicturum
764 2312 912 2354 fuisse.
960 2312 1020 2354 At
1049 2312 1161 2353 hanc
1192 2312 1571 2354 ratiocinationem
1601 2311 1720 2354 haud

153 2392 318 2428 rectam
341 2401 434 2427 esse
466 2394 593 2441 puto:
627 2402 766 2442 neque
789 2389 902 2429 enim
924 2393 1066 2442 genet.
1092 2384 1243 2428 “euius'
1279 2388 1505 2442 oppositus
1538 2392 1602 2428 est
1621 2386 1720 2427 voci

144 2458 326 2502 ‘ambos'
361 2461 421 2501 ita
461 2467 507 2501 ut
547 2463 794 2504 necessario
841 2462 1020 2517 pluralis
1054 2461 1335 2515 desideretur,
1384 2462 1589 2516 quoniam
1634 2460 1717 2501 loci

147 2536 361 2576 sententia
392 2541 478 2576 est:
505 2532 599 2576 ⁰aut
630 2542 832 2590 parentes
864 2536 1183 2589 reconciliabis,
1230 2542 1306 2578 aut
1343 2535 1456 2576 unde
1501 2541 1629 2576 natus
1663 2535 1719 2575 sis

147 2607 423 2665 comperies⁷3
449 2607 631 2666 ‘ambos’
667 2617 811 2652 autem
834 2611 971 2665 Syrus
995 2610 1111 2663 dicit,
1146 2611 1351 2666 quonjam
1383 2624 1482 2651 cum
1502 2608 1632 2650 modo
1666 2608 1718 2650 de

145 2691 266 2738 patre
297 2685 408 2726 irato
442 2691 484 2726 et
515 2691 649 2726 matre
681 2684 867 2726 filiorum
889 2685 1099 2726 adiutrice
1120 2684 1255 2725 verba
1287 2684 1404 2725 facta
1437 2693 1594 2731 essent,
1632 2697 1719 2724 non

148 2758 287 2800 solum
307 2765 503 2811 matrem,
527 2773 675 2800 verum
697 2760 827 2800 etiam
850 2765 1017 2812 patrem
1041 2757 1098 2799 ad
1118 2758 1462 2799 misericordiam
1483 2756 1718 2798 adductum

145 2833 196 2874 iri
242 2832 537 2874 demonstrare
584 2832 772 2874 volebat.
816 2832 939 2874 Idem
982 2831 1219 2874 Brandtius
1268 2832 1399 2872 etiam
1430 2831 1565 2872 Andr.
1609 2830 1718 2871 772:

139 2903 212 2948 ,ne
243 2905 317 2947 illa
347 2905 466 2947 illum
497 2906 614 2948 haud
644 2907 778 2957 novit,
811 2907 932 2948 cuius
964 2920 1097 2947 causa
1119 2904 1225 2946 haec
1246 2901 1409 2959 incipit'
1445 2904 1719 2946 scribendum
